@article{Kershenbaum2016,
    title = {{Acoustic sequences in non-human animals: A tutorial review and prospectus}},
    year = {2016},
    journal = {Biological Reviews},
    author = {Kershenbaum, Arik and Blumstein, Daniel T. and Roch, Marie A. and Ak{\c{c}}ay, Çağlar and Backus, Gregory and Bee, Mark A. and Bohn, Kirsten and Cao, Yan and Carter, Gerald and C{\"{a}}sar, Cristiane and Coen, Michael and Deruiter, Stacy L. and Doyle, Laurance and Edelman, Shimon and Ferrer-i-Cancho, Ramon and Freeberg, Todd M. and Garland, Ellen C. and Gustison, Morgan and Harley, Heidi E. and Huetz, Chloé and Hughes, Melissa and Hyland Bruno, Julia and Ilany, Amiyaal and Jin, Dezhe Z. and Johnson, Michael and Ju, Chenghui and Karnowski, Jeremy and Lohr, Bernard and Manser, Marta B. and Mccowan, Brenda and Mercado, Eduardo and Narins, Peter M. and Piel, Alex and Rice, Megan and Salmi, Roberta and Sasahara, Kazutoshi and Sayigh, Laela and Shiu, Yu and Taylor, Charles and Vallejo, Edgar E. and Waller, Sara and Zamora-Gutierrez, Veronica},
    doi = {10.1111/brv.12160},
    issn = {1469185X},
    pmid = {25428267},
    keywords = {Acoustic communication, Information, Information theory, Machine learning, Markov model, Meaning, Network analysis, Sequence analysis, Vocalisation}
}

@article{Qian2017,
    title = {{Active learning for bird sound classification via a kernel-based extreme learning machine}},
    year = {2017},
    journal = {The Journal of the Acoustical Society of America},
    author = {Qian, Kun and Zhang, Zixing and Baird, Alice and Schuller, Björn},
    doi = {10.1121/1.5004570},
    issn = {0001-4966},
    pmid = {29092546}
}

@article{Amodei2019,
    title = {{AI and Compute}},
    year = {2019},
    journal = {Blog Open AI},
    author = {Amodei, Dario and Hernandez, Danny and Sastry, Girish and Brockman, Greg and Clark, Jack and Sutskever, Ilya},
    pages = {1--11},
    url = {https://openai.com/blog/ai-and-compute/ https://blog.openai.com/ai-and-compute/}
}

@article{Kanwal1994,
    title = {{Analysis of acoustic elements and syntax in communication sounds emitted by mustached bats}},
    year = {1994},
    journal = {Journal of the Acoustical Society of America},
    author = {Kanwal, Jagmeet S. and Matsumura, Sumiko and Ohlemiller, Kevin and Suga, Nobuo},
    doi = {10.1121/1.410273},
    issn = {NA},
    pmid = {7962992}
}

@article{Price2007,
    title = {{Are anurans of Great Lakes coastal wetlands reliable indicators of ecological condition?}},
    year = {2007},
    journal = {Journal of Great Lakes Research},
    author = {Price, Steven J. and Howe, Robert W. and Hanowski, Jo Ann M. and Regal, Ronald R. and Niemi, Gerald J. and Smith, Charles R.},
    doi = {10.3394/0380-1330(2007)33[211:AAOGLC]2.0.CO;2},
    issn = {03801330},
    keywords = {Amphibians, Biological indicator, Coastal wetlands, Ecological condition, Frogs, Great Lakes}
}

@inproceedings{Okawa2019,
    title = {{Audio classification of bit-representation waveform}},
    year = {2019},
    booktitle = {Proceedings of the Annual Conference of the International Speech Communication Association, INTERSPEECH},
    author = {Okawa, Masaki and Saito, Takuya and Sawada, Naoki and Nishizaki, Hiromitsu},
    doi = {10.21437/Interspeech.2019-1855},
    issn = {19909772},
    arxivId = {1904.04364},
    keywords = {Acoustic event detection, Audio classification, Bit-representation, End-to-end approach, Feature extraction}
}

@article{Stowell2019,
    title = {{Automatic acoustic identification of individuals in multiple species: Improving identification across recording conditions}},
    year = {2019},
    journal = {Journal of the Royal Society Interface},
    author = {Stowell, Dan and Petruskov{\'{a}}, Tereza and {\v{S}}{\'{a}}lek, Martin and Linhart, Pavel},
    number = {153},
    volume = {16},
    isbn = {0000000280},
    doi = {10.1098/rsif.2018.0940},
    issn = {17425662},
    keywords = {Acoustic monitoring, Animal communication, Data augmentation, Individuality, Song repertoire, Vocalization}
}

@article{Chen2020,
    title = {{Automatic standardized processing and identification of tropical bat calls using deep learning approaches}},
    year = {2020},
    journal = {Biological Conservation},
    author = {Chen, Xing and Zhao, Jun and Chen, Yan hua and Zhou, Wei and Hughes, Alice C.},
    doi = {10.1016/j.biocon.2019.108269},
    issn = {00063207},
    keywords = {Algorithms, Automated monitoring, Automatic processing, Bats, Bioacoustics, Biodiversity metrics, Calls, Deep learning, Echolocation, Machine learning, Monitoring protocol, Neural network}
}

@article{Knornschild2006,
    title = {{Babbling behavior in the sac-winged bat (Saccopteryx bilineata)}},
    year = {2006},
    journal = {Naturwissenschaften},
    author = {Kn{\"{o}}rnschild, Mirjam and Behr, Oliver and Von Helversen, Otto},
    doi = {10.1007/s00114-006-0127-9},
    issn = {00281042},
    pmid = {16736178}
}

@article{MacAodha2018,
    title = {{Bat detective—Deep learning tools for bat acoustic signal detection}},
    year = {2018},
    journal = {PLoS Computational Biology},
    author = {Mac Aodha, Oisin and Gibb, Rory and Barlow, Kate E. and Browning, Ella and Firman, Michael and Freeman, Robin and Harder, Briana and Kinsey, Libby and Mead, Gary R. and Newson, Stuart E. and Pandourski, Ivan and Parsons, Stuart and Russ, Jon and Szodoray-Paradi, Abigel and Szodoray-Paradi, Farkas and Tilova, Elena and Girolami, Mark and Brostow, Gabriel and Jones, Kate E.},
    number = {3},
    pages = {1--19},
    volume = {14},
    isbn = {1111111111},
    doi = {10.1371/journal.pcbi.1005995},
    issn = {15537358}
}

@article{Behr2004,
    title = {{Bat serenades - Complex courtship songs of the sac-winged bat (Saccopteryx bilineata)}},
    year = {2004},
    journal = {Behavioral Ecology and Sociobiology},
    author = {Behr, Oliver and Von Helversen, Otto},
    number = {2},
    month = {6},
    pages = {106--115},
    volume = {56},
    publisher = {Springer},
    url = {https://link.springer.com/article/10.1007/s00265-004-0768-7},
    doi = {10.1007/s00265-004-0768-7},
    issn = {03405443},
    keywords = {Courtship, Saccopteryx, Sexual selection, Song, Territoriality}
}

@misc{Vernes2020,
    title = {{Behaviour, biology and evolution of vocal learning in bats}},
    year = {2020},
    booktitle = {Philosophical Transactions of the Royal Society B: Biological Sciences},
    author = {Vernes, Sonja C. and Wilkinson, Gerald S.},
    doi = {10.1098/rstb.2019.0061},
    issn = {14712970},
    pmid = {31735153},
    keywords = {Chiroptera, FoxP2, Language, Neurobiology, Speech, Vocal production learning}
}

@misc{Petkov2012,
    title = {{Birds, primates, and spoken language origins: Behavioral phenotypes and neurobiological substrates}},
    year = {2012},
    booktitle = {Frontiers in Evolutionary Neuroscience},
    author = {Petkov, Christopher I. and Jarvis, Erich D.},
    doi = {10.3389/fnevo.2012.00012},
    issn = {1663070X},
    keywords = {Avian, Communication, Evolution, Humans, Monkeys, Neurobiology, Speech, Vertebrates}
}

@misc{Janik2014,
    title = {{Cetacean vocal learning and communication}},
    year = {2014},
    booktitle = {Current Opinion in Neurobiology},
    author = {Janik, Vincent M.},
    doi = {10.1016/j.conb.2014.06.010},
    issn = {18736882},
    pmid = {25057816}
}

@article{Molnar2008,
    title = {{Classification of dog barks: A machine learning approach}},
    year = {2008},
    journal = {Animal Cognition},
    author = {Moln{\'{a}}r, Csaba and Kaplan, Frédéric and Roy, Pierre and Pachet, François and Pongr{\'{a}}cz, Péter and D{\'{o}}ka, Antal and Mikl{\'{o}}si, Ádám},
    doi = {10.1007/s10071-007-0129-9},
    issn = {14359448},
    pmid = {18197442},
    keywords = {Acoustic communication, Dog barks, Genetic programming, Machine learning}
}

@inproceedings{Sun2014,
    title = {{Combining multimodal features with hierarchical classifier fusion for emotion recognition in the wild}},
    year = {2014},
    booktitle = {ICMI 2014 - Proceedings of the 2014 International Conference on Multimodal Interaction},
    author = {Sun, Bo and Li, Liandong and Zuo, Tian and Chen, Ying and Zhou, Guoyan and Wu, Xuewen},
    isbn = {9781450328852},
    doi = {10.1145/2663204.2666272},
    keywords = {Emotion recognition, Feature fusion, Hierarchical classifier, Multimodal, Support vector machine}
}

@article{Yang2017,
    title = {{Combining Temporal Features by Local Binary Pattern for Acoustic Scene Classification}},
    year = {2017},
    journal = {IEEE/ACM Transactions on Audio Speech and Language Processing},
    author = {Yang, Wenjun and Krishnan, Sridhar},
    doi = {10.1109/TASLP.2017.2690558},
    issn = {23299290},
    keywords = {Acoustic scene classification (ASC), Mel-frequency cepstral coefficient (MFCC), ensemble methods, environmental sound recognition, feature exaction, local binary pattern (LBP), temporal evolution}
}

@article{Zhang2019,
    title = {{Comparing context-dependent call sequences employing machine learning methods: An indication of syntactic structure of greater horseshoe bats}},
    year = {2019},
    journal = {Journal of Experimental Biology},
    author = {Zhang, Kangkang and Liu, Tong and Liu, Muxun and Li, Aoqiang and Xiao, Yanhong and Metzner, Walter and Liu, Ying},
    doi = {10.1242/jeb.214072},
    issn = {00220949},
    pmid = {31753908},
    keywords = {Aggressive call, Animal communication, Distress call, Rhinolophus ferrumequinum, Syntax}
}

@article{Knornschild2010,
    title = {{Complex vocal imitation during ontogeny in a bat}},
    year = {2010},
    journal = {Biology Letters},
    author = {Kn{\"{o}}rnschild, Mirjam and Nagy, Martina and Metz, Markus and Mayer, Frieder and von Helversen, Otto},
    number = {2},
    month = {4},
    pages = {156--159},
    volume = {6},
    url = {https://royalsocietypublishing.org/doi/10.1098/rsbl.2009.0685},
    doi = {10.1098/rsbl.2009.0685},
    issn = {1744-9561},
    keywords = {Auditory input, Chiroptera, Mimicry, Tutor, Vocal production learning}
}

@article{Zhang2015,
    title = {{Cross-validation for selecting a model selection procedure}},
    year = {2015},
    journal = {Journal of Econometrics},
    author = {Zhang, Yongli and Yang, Yuhong},
    doi = {10.1016/j.jeconom.2015.02.006},
    issn = {18726895},
    keywords = {Adaptive procedure selection, Cross-validation, Cross-validation paradox, Data splitting ratio, Information criterion, LASSO, MCP, SCAD}
}

@book{Goodfellow-et-al-2016,
    title = {{Deep Learning}},
    year = {2016},
    author = {Goodfellow, Ian and Bengio, Yoshua and Courville, Aaron},
    publisher = {MIT Press}
}

@misc{Lecun2015,
    title = {{Deep learning}},
    year = {2015},
    booktitle = {Nature},
    author = {Lecun, Yann and Bengio, Yoshua and Hinton, Geoffrey},
    doi = {10.1038/nature14539},
    issn = {14764687},
    pmid = {26017442}
}

@inproceedings{He2016,
    title = {{Deep residual learning for image recognition}},
    year = {2016},
    booktitle = {Proceedings of the IEEE Computer Society Conference on Computer Vision and Pattern Recognition},
    author = {He, Kaiming and Zhang, Xiangyu and Ren, Shaoqing and Sun, Jian},
    isbn = {9781467388504},
    doi = {10.1109/CVPR.2016.90},
    issn = {10636919},
    arxivId = {1512.03385}
}

@article{Coffey2019,
    title = {{DeepSqueak: a deep learning-based system for detection and analysis of ultrasonic vocalizations}},
    year = {2019},
    journal = {Neuropsychopharmacology},
    author = {Coffey, Kevin R. and Marx, Russell G. and Neumaier, John F.},
    doi = {10.1038/s41386-018-0303-6},
    issn = {1740634X},
    pmid = {30610191}
}

@inproceedings{Huang2017a,
    title = {{Densely connected convolutional networks}},
    year = {2017},
    booktitle = {Proceedings - 30th IEEE Conference on Computer Vision and Pattern Recognition, CVPR 2017},
    author = {Huang, Gao and Liu, Zhuang and Van Der Maaten, Laurens and Weinberger, Kilian Q.},
    month = {8},
    pages = {2261--2269},
    volume = {2017-Janua},
    publisher = {Institute of Electrical and Electronics Engineers Inc.},
    url = {http://arxiv.org/abs/1608.06993},
    isbn = {9781538604571},
    doi = {10.1109/CVPR.2017.243},
    arxivId = {1608.06993}
}

@misc{Huang,
    title = {{DenseNet/models at master {\textperiodcentered} liuzhuang13/DenseNet {\textperiodcentered} GitHub}},
    author = {Huang, Gao and Liu, Zhuang and Van Der Maaten, Laurens and Weinberger, Kilian Q.},
    url = {https://github.com/liuzhuang13/DenseNet/tree/master/models}
}

@article{Poole2005,
    title = {{Elephants are capable of vocal learning}},
    year = {2005},
    journal = {Nature},
    author = {Poole, Joyce H. and Tyack, Peter L. and Stoeger-Horwath, Angela S. and Watwood, Stephanie},
    doi = {10.1038/434455a},
    issn = {00280836},
    pmid = {15791244}
}

@article{Sainburg2020,
    title = {{Finding, visualizing, and quantifying latent structure across diverse animal vocal repertoires}},
    year = {2020},
    journal = {PLoS Computational Biology},
    author = {Sainburg, Tim and Thielk, Marvin and Gentner, Timothy Q.},
    doi = {10.1371/journal.pcbi.1008228},
    issn = {15537358},
    pmid = {33057332}
}

@article{Rakotomamonjy2015,
    title = {{Histogram of gradients of time-frequency representations for audio scene classification}},
    year = {2015},
    journal = {IEEE/ACM Transactions on Audio Speech and Language Processing},
    author = {Rakotomamonjy, Alain and Gasso, Gilles},
    doi = {10.1109/TASLP.2014.2375575},
    issn = {23299290},
    keywords = {Constant Q transform, histogram of gradient, support vector machines}
}

@inproceedings{Surasak2018,
    title = {{Histogram of oriented gradients for human detection in video}},
    year = {2018},
    booktitle = {Proceedings of 2018 5th International Conference on Business and Industrial Research: Smart Technology for Next Generation of Information, Engineering, Business and Social Science, ICBIR 2018},
    author = {Surasak, Thattapon and Takahiro, Ito and Cheng, Cheng Hsuan and Wang, Chi En and Sheng, Pao You},
    isbn = {9781538652541},
    doi = {10.1109/ICBIR.2018.8391187},
    keywords = {Histogram of Oriented Gradients, Human Detection}
}

@inproceedings{Dalal2005,
    title = {{Histograms of oriented gradients for human detection}},
    year = {2005},
    booktitle = {Proceedings - 2005 IEEE Computer Society Conference on Computer Vision and Pattern Recognition, CVPR 2005},
    author = {Dalal, Navneet and Triggs, Bill},
    isbn = {0769523722},
    doi = {10.1109/CVPR.2005.177}
}

@inproceedings{Colonna2016,
    title = {{How to correctly evaluate an automatic bioacoustics classification method}},
    year = {2016},
    booktitle = {Lecture Notes in Computer Science (including subseries Lecture Notes in Artificial Intelligence and Lecture Notes in Bioinformatics)},
    author = {Colonna, Juan Gabriel and Gama, João and Nakamura, Eduardo F.},
    isbn = {9783319446356},
    doi = {10.1007/978-3-319-44636-3{\_}4},
    issn = {16113349},
    keywords = {Automatic anuran call recognition, Bioacoustics, Cross-validation, One-against-all, One-against-one}
}

@inproceedings{He2016a,
    title = {{Identity mappings in deep residual networks}},
    year = {2016},
    booktitle = {Lecture Notes in Computer Science (including subseries Lecture Notes in Artificial Intelligence and Lecture Notes in Bioinformatics)},
    author = {He, Kaiming and Zhang, Xiangyu and Ren, Shaoqing and Sun, Jian},
    isbn = {9783319464923},
    doi = {10.1007/978-3-319-46493-0{\_}38},
    issn = {16113349},
    arxivId = {1603.05027}
}

@article{Kuhl1996,
    title = {{Infant vocalizations in response to speech: Vocal imitation and developmental change}},
    year = {1996},
    journal = {The Journal of the Acoustical Society of America},
    author = {Kuhl, Patricia K. and Meltzoff, Andrew N.},
    doi = {10.1121/1.417951},
    issn = {0001-4966},
    pmid = {8865648}
}

@article{Turesson2016,
    title = {{Machine learning algorithms for automatic classification of marmoset vocalizations}},
    year = {2016},
    journal = {PLoS ONE},
    author = {Turesson, Hjalmar K. and Ribeiro, Sidarta and Pereira, Danillo R. and Papa, João P. and De Albuquerque, Victor Hugo C.},
    doi = {10.1371/journal.pone.0163041},
    issn = {19326203}
}

@book{nielsen2015neural,
    title = {{Neural Networks and Deep Learning}},
    year = {2015},
    author = {Nielsen, M A},
    publisher = {Determination Press},
    url = {https://books.google.ch/books?id=STDBswEACAAJ}
}

@book{Vihman2014,
    title = {{Phonological Development: the first two years}},
    year = {2014},
    booktitle = {The Handbook of Child Language},
    author = {Vihman, Marilyn May},
    isbn = {9781118342794}
}

@inproceedings{Terasawa2009,
    title = {{Slit style HOG feature for document image word spotting}},
    year = {2009},
    booktitle = {Proceedings of the International Conference on Document Analysis and Recognition, ICDAR},
    author = {Terasawa, Kengo and Tanaka, Yuzuru},
    isbn = {9780769537252},
    doi = {10.1109/ICDAR.2009.118},
    issn = {15205363}
}

@article{Eckenweber2013,
    title = {{Social influences on territorial signaling in male greater sac-winged bats}},
    year = {2013},
    journal = {Behavioral Ecology and Sociobiology},
    author = {Eckenweber, Maria and Kn{\"{o}}rnschild, Mirjam},
    doi = {10.1007/s00265-013-1483-z},
    issn = {03405443},
    keywords = {Group signature, Individual signature, Saccopteryx bilineata, Territorial song}
}

@inproceedings{Tchernichovski2004,
    title = {{Studying the song development process: Rationale and methods}},
    year = {2004},
    booktitle = {Annals of the New York Academy of Sciences},
    author = {Tchernichovski, O. and Lints, T. J. and Der{\'{e}}gnaucourt, S. and Cimenser, A. and Mitra, P. P.},
    doi = {10.1196/annals.1298.031},
    issn = {00778923},
    pmid = {15313784},
    keywords = {Dynamic Vocal Development (DVD) maps, Song development, Sound analysis, Sound spectrogram}
}

@article{Behr2009,
    title = {{Territorial counter-singing in male sac-winged bats saccopteryx bilineata: Low-frequency songs trigger a stronger response}},
    year = {2009},
    journal = {Behavioral Ecology and Sociobiology},
    author = {Behr, Oliver and Kn{\"{o}}rnschild, Mirjam and Von Helversen, Otto},
    doi = {10.1007/s00265-008-0677-2},
    issn = {03405443},
    keywords = {Honest signalling, Playbacks, Saccopteryx bilineata, Sexual selection, Song, Territoriality}
}

@article{Behr2006,
    title = {{Territorial songs indicate male quality in the sac-winged bat Saccopteryx bilineata (Chiroptera, Emballonuridae)}},
    year = {2006},
    journal = {Behavioral Ecology},
    author = {Behr, Oliver and Von Helversen, Otto and Heckel, Gerald and Nagy, Martina and Voigt, Christian C. and Mayer, Frieder},
    doi = {10.1093/beheco/arl013},
    issn = {10452249},
    keywords = {Acoustic communication, Chiroptera, Microsatellites, Parentage analysis, Saccopteryx bilineata, Sexual selection, Territorial song}
}

@article{Pozzi2010,
    title = {{The use of artificial neural networks to classify primate vocalizations: A pilot study on black lemurs}},
    year = {2010},
    journal = {American Journal of Primatology},
    author = {Pozzi, Luca and Gamba, Marco and Giacoma, Cristina},
    doi = {10.1002/ajp.20786},
    issn = {02752565},
    pmid = {20034021},
    keywords = {Automatic classification, Cluster analysis, Discriminant function analysis, Eulemur macaco macaco, Multilayer perceptron, Vocal repertoire}
}

@article{Weiss2014,
    title = {{The use of network analysis to study complex animal communication systems: A study on nightingale song}},
    year = {2014},
    journal = {Proceedings of the Royal Society B: Biological Sciences},
    author = {Weiss, Michael and Hultsch, Henrike and Adam, Iris and Scharff, Constance and Kipper, Silke},
    doi = {10.1098/rspb.2014.0460},
    issn = {14712954},
    pmid = {24807257},
    keywords = {Bird song sequence, Luscinia megarhynchos, Network analysis, Nightingale, Syntax}
}

@article{Olah2015,
    title = {{Understanding LSTM Networks [Blog]}},
    year = {2015},
    journal = {Web Page},
    author = {Olah, Christopher},
    isbn = {9780874216561},
    issn = {0717-6163},
    pmid = {15003161},
    arxivId = {arXiv:1011.1669v3}
}

@inproceedings{Simonyan2015,
    title = {{Very deep convolutional networks for large-scale image recognition}},
    year = {2015},
    booktitle = {3rd International Conference on Learning Representations, ICLR 2015 - Conference Track Proceedings},
    author = {Simonyan, Karen and Zisserman, Andrew},
    arxivId = {1409.1556}
}

@misc{Reichmuth2014,
    title = {{Vocal learning in seals, sea lions, and walruses}},
    year = {2014},
    booktitle = {Current Opinion in Neurobiology},
    author = {Reichmuth, Colleen and Casey, Caroline},
    doi = {10.1016/j.conb.2014.06.011},
    issn = {18736882},
    pmid = {25042930}
}

@misc{Knornschild2014,
    title = {{Vocal production learning in bats}},
    year = {2014},
    booktitle = {Current Opinion in Neurobiology},
    author = {Kn{\"{o}}rnschild, Mirjam},
    doi = {10.1016/j.conb.2014.06.014},
    issn = {18736882},
    pmid = {25050812}
}

@article{Manteuffel2004,
    title = {{Vocalization of farm animals as a measure of welfare}},
    year = {2004},
    journal = {Applied Animal Behaviour Science},
    author = {Manteuffel, Gerhard and Puppe, Birger and Sch{\"{o}}n, Peter C.},
    doi = {10.1016/j.applanim.2004.02.012},
    issn = {01681591},
    keywords = {Animal welfare, Cattle, Farm animals, Pig, Poultry, Vocalization}
}

@misc{Wirthlin2019ATrait,
    title = {{A Modular Approach to Vocal Learning: Disentangling the Diversity of a Complex Behavioral Trait}},
    year = {2019},
    booktitle = {Neuron},
    author = {Wirthlin, Morgan and Chang, Edward F. and Kn{\"{o}}rnschild, Mirjam and Krubitzer, Leah A. and Mello, Claudio V. and Miller, Cory T. and Pfenning, Andreas R. and Vernes, Sonja C. and Tchernichovski, Ofer and Yartsev, Michael M.},
    number = {1},
    month = {10},
    pages = {87--99},
    volume = {104},
    publisher = {Cell Press},
    doi = {10.1016/j.neuron.2019.09.036},
    issn = {10974199},
    pmid = {31600518}
}

@article{Waeber2019BirdLearning,
    title = {{Bird Voice Deep Learning}},
    year = {2019},
    author = {Waeber, Gilles}
}

@techreport{Srivastava2014Dropout:Overfitting,
    title = {{Dropout: A Simple Way to Prevent Neural Networks from Overfitting}},
    year = {2014},
    booktitle = {Journal of Machine Learning Research},
    author = {Srivastava, Nitish and Hinton, Geoffrey and Krizhevsky, Alex and Salakhutdinov, Ruslan},
    pages = {1929--1958},
    volume = {15},
    doi = {10.5555/2627435.2670313},
    keywords = {deep learning, model combination, neural networks, regularization}
}

@misc{McFee2020Librosa.effects.splitDocumentation,
    title = {{librosa.effects.split — librosa 0.8.0 documentation}},
    year = {2020},
    author = {McFee, Brian and Lostanlen, Vincent and Metsai, Alexandros and McVicar, Matt and Balke, Stefan and Thom{\'{e}}, Carl and Raffel, Colin and Zalkow, Frank and Malek, Ayoub and {Dana} and Lee, Kyungyun and Nieto, Oriol and Mason, Jack and Ellis, Dan and Battenberg, Eric and Seyfarth, Scott and Yamamoto, Ryuichi and Choi, Keunwoo and {viktorandreevichmorozov} and Moore, Josh and Bittner, Rachel and Hidaka, Shunsuke and Wei, Ziyao and {nullmightybofo} and Here{\~{n}}{\'{u}}, Darío and St{\"{o}}ter, Fabian-Robert and Friesch, Pius and Weiss, Adam and Vollrath, Matt and Kim, Taewoon},
    url = {https://librosa.org/doc/latest/generated/librosa.effects.split.html?highlight=split#librosa.effects.split}
}

@article{McFee2020Librosa/librosa:0.8.0,
    title = {{librosa/librosa: 0.8.0}},
    year = {2020},
    author = {McFee, Brian and Lostanlen, Vincent and Metsai, Alexandros and McVicar, Matt and Balke, Stefan and Thom{\'{e}}, Carl and Raffel, Colin and Zalkow, Frank and Malek, Ayoub and {Dana} and Lee, Kyungyun and Nieto, Oriol and Mason, Jack and Ellis, Dan and Battenberg, Eric and Seyfarth, Scott and Yamamoto, Ryuichi and Choi, Keunwoo and {viktorandreevichmorozov} and Moore, Josh and Bittner, Rachel and Hidaka, Shunsuke and Wei, Ziyao and {nullmightybofo} and Here{\~{n}}{\'{u}}, Darío and St{\"{o}}ter, Fabian-Robert and Friesch, Pius and Weiss, Adam and Vollrath, Matt and Kim, Taewoon},
    month = {7},
    url = {https://doi.org/10.5281/zenodo.3955228#.YBp1-Edf5Aw.mendeley},
    doi = {10.5281/ZENODO.3955228}
}

@misc{Kang2020NaturalReview,
    title = {{Natural language processing (NLP) in management research: A literature review}},
    year = {2020},
    booktitle = {Journal of Management Analytics},
    author = {Kang, Yue and Cai, Zhao and Tan, Chee Wee and Huang, Qian and Liu, Hefu},
    number = {2},
    month = {4},
    pages = {139--172},
    volume = {7},
    publisher = {Taylor and Francis Ltd.},
    url = {https://www.tandfonline.com/doi/abs/10.1080/23270012.2020.1756939},
    doi = {10.1080/23270012.2020.1756939},
    issn = {23270039},
    keywords = {literature review, machine learning, natural language processing, sentiment analysis}
}

@misc{Hauser2002Neuroscience:Evolve,
    title = {{Neuroscience: The faculty of language: What is it, who has it, and how did it evolve?}},
    year = {2002},
    booktitle = {Science},
    author = {Hauser, Marc D. and Chomsky, Noam and Fitch, W. Tecumseh},
    number = {5598},
    month = {11},
    pages = {1569--1579},
    volume = {298},
    publisher = {American Association for the Advancement of Science},
    url = {https://science.sciencemag.org/content/298/5598/1569 https://science.sciencemag.org/content/298/5598/1569.abstract},
    doi = {10.1126/science.298.5598.1569},
    issn = {00368075},
    pmid = {12446899}
}

@misc{Fitch2010SocialPhylogenies,
    title = {{Social Cognition and the Evolution of Language: Constructing Cognitive Phylogenies}},
    year = {2010},
    booktitle = {Neuron},
    author = {Fitch, W. Tecumseh and Huber, Ludwig and Bugnyar, Thomas},
    number = {6},
    month = {3},
    pages = {795--814},
    volume = {65},
    publisher = {Europe PMC Funders},
    url = {/pmc/articles/PMC4415479/?report=abstract https://www.ncbi.nlm.nih.gov/pmc/articles/PMC4415479/},
    doi = {10.1016/j.neuron.2010.03.011},
    issn = {08966273},
    pmid = {20346756}
}

@misc{Payne1971SongsWhales,
    title = {{Songs of humpback whales}},
    year = {1971},
    booktitle = {Science},
    author = {Payne, Roger S. and McVay, Scott},
    number = {3997},
    month = {8},
    pages = {585--597},
    volume = {173},
    publisher = {American Association for the Advancement of Science},
    url = {https://science.sciencemag.org/content/173/3997/585 https://science.sciencemag.org/content/173/3997/585.abstract},
    doi = {10.1126/science.173.3997.585},
    issn = {00368075}
}

@article{Eens1989TemporalStarling,
    title = {{Temporal and sequential organization of song bouts in the starling}},
    year = {1989},
    journal = {Ardea},
    author = {Eens, MARCEL and Pinxten, RIANNE and Verheyen, RUDOLF},
    number = {6},
    volume = {77}
}

@misc{Fitch2018TheAnalysis,
    title = {{The biology and evolution of speech: A comparative analysis}},
    year = {2018},
    booktitle = {Annual Review of Linguistics},
    author = {Fitch, W. Tecumseh},
    month = {1},
    pages = {255--279},
    volume = {4},
    publisher = {Annual Reviews Inc.},
    url = {https://doi.org/10.1146/annurev-linguistics-},
    doi = {10.1146/annurev-linguistics-011817-045748},
    issn = {23339691},
    keywords = {Evolution of language, Human evolution, Monosynaptic connections, Paleo-DNA, Speech perception, Speech production}
}

@incollection{OLLER1980THEINFANCY,
    title = {{THE EMERGENCE OF THE SOUNDS OF SPEECH IN INFANCY}},
    year = {1980},
    booktitle = {Child Phonology},
    author = {OLLER, D.K.},
    month = {1},
    pages = {93--112},
    publisher = {Elsevier},
    doi = {10.1016/b978-0-12-770601-6.50011-5}
}

@book{TecumsehFitch2010TheLanguage,
    title = {{The evolution of language}},
    year = {2010},
    booktitle = {The Evolution of Language},
    author = {Tecumseh Fitch, W.},
    month = {1},
    pages = {1--611},
    volume = {9780521859936},
    publisher = {Cambridge University Press},
    url = {https://www.cambridge.org/core/books/evolution-of-language/2347BC6741639875250495BA3435056F},
    isbn = {9780511817779},
    doi = {10.1017/CBO9780511817779}
}

@article{Lattenkamp2019TheContext,
    title = {{The Vocal Repertoire of Pale Spear-Nosed Bats in a Social Roosting Context}},
    year = {2019},
    journal = {Frontiers in Ecology and Evolution},
    author = {Lattenkamp, Ella Z. and Shields, Stephanie M. and Schutte, Michael and Richter, Jassica and Linnenschmidt, Meike and Vernes, Sonja C. and Wiegrebe, Lutz},
    number = {APR},
    month = {4},
    pages = {116},
    volume = {7},
    publisher = {Frontiers Media S.A.},
    url = {https://www.frontiersin.org/article/10.3389/fevo.2019.00116/full},
    doi = {10.3389/fevo.2019.00116},
    issn = {2296-701X},
    keywords = {Phyllostomus discolor, Social behavior, Syllable classes, Vocal communication, Vocal repertoire}
}

@misc{Martins2020VocalContinuum,
    title = {{Vocal learning: Beyond the continuum}},
    year = {2020},
    booktitle = {PLoS Biology},
    author = {Martins, Pedro Tiago and Boeckx, Cedric},
    number = {3},
    month = {3},
    pages = {e3000672},
    volume = {18},
    publisher = {Public Library of Science},
    url = {https://doi.org/10.1371/journal.pbio.3000672},
    doi = {10.1371/JOURNAL.PBIO.3000672},
    issn = {15457885},
    pmid = {32226012},
    keywords = {Animal behavior, Birds, Human learning, Imitation, Language acquisition, Learning, Primates, Vocalization}
}