@model{nn_densNet_sct_compressed_nrs0_raw_100,
	id = {nn_densNet_sct_compressed_nrs0_raw_100/k-fold_7230-2be2-c080-14d6-dc82-c705-30e4-f2c6/rec_k8_v1t2_e100_bva.report},
	title = {DenseNet 121 Model, using k-fold cross-validation},
	dataset = {Simple Call Test},
	features = {raw},
	results = {validation: \SI{93.4 \pm 4.2}{\percent}, testing: \SI{87.5 \pm 2.8}{\percent}},
	parameters = {epochs: \SI{49 \pm 20.5}{} ($27$, $29$, $30$, $42$, $54$, $56$, $66$, $85$)},
	num = {1}
}
@model{nn_cnn_2d_sct_compressed_nrs0_raw_100,
	id = {nn_cnn_2d_sct_compressed_nrs0_raw_100/k-fold_7230-2be2-c080-14d6-dc82-c705-30e4-f2c6/rec_k8_v1t2_e100_bva.report},
	title = {CNN Model with 2D convolution, using k-fold cross-validation},
	dataset = {Simple Call Test},
	features = {raw},
	results = {validation: \SI{92.2 \pm 5.1}{\percent}, testing: \SI{87.0 \pm 4.4}{\percent}},
	parameters = {epochs: \SI{41 \pm 23.9}{} ($15$, $21$, $25$, $26$, $40$, $55$, $65$, $82$)},
	num = {2}
}
@model{nn_cnn_2d_sct_compressed_nrs12_raw_100,
	id = {nn_cnn_2d_sct_compressed_nrs12_raw_100/k-fold_36f9-8ae7-1071-8146-f2da-d340-48da-7921/rec_k8_v1t2_e100_bva.report},
	title = {CNN Model with 2D convolution, using k-fold cross-validation},
	dataset = {Simple Call Test},
	features = {raw},
	results = {validation: \SI{91.6 \pm 5.2}{\percent}, testing: \SI{85.6 \pm 6.0}{\percent}},
	parameters = {epochs: \SI{35 \pm 11.1}{} ($25$, $27$, $28$, $28$, $34$, $34$, $49$, $55$)},
	num = {3}
}
@model{nn_cnn_2d_sct_compressed_nrs6_raw_100,
	id = {nn_cnn_2d_sct_compressed_nrs6_raw_100/k-fold_e50f-e7eb-f09f-7906-7218-63b6-cb68-18c3/rec_k8_v1t2_e100_bva.report},
	title = {CNN Model with 2D convolution, using k-fold cross-validation},
	dataset = {Simple Call Test},
	features = {raw},
	results = {validation: \SI{91.2 \pm 5.5}{\percent}, testing: \SI{84.5 \pm 5.5}{\percent}},
	parameters = {epochs: \SI{37 \pm 19.4}{} ($12$, $16$, $26$, $35$, $37$, $47$, $51$, $71$)},
	num = {4}
}
@model{nn_densNet_sct_compressed_nrs12_raw_100,
	id = {nn_densNet_sct_compressed_nrs12_raw_100/k-fold_36f9-8ae7-1071-8146-f2da-d340-48da-7921/rec_k8_v1t2_e100_bva.report},
	title = {DenseNet 121 Model, using k-fold cross-validation},
	dataset = {Simple Call Test},
	features = {raw},
	results = {validation: \SI{90.9 \pm 5.2}{\percent}, testing: \SI{84.4 \pm 6.5}{\percent}},
	parameters = {epochs: \SI{43 \pm 13.4}{} ($26$, $27$, $33$, $43$, $44$, $50$, $54$, $64$)},
	num = {5}
}
@model{nn_cnn_2d_sct_compressed_nrs24_raw_100,
	id = {nn_cnn_2d_sct_compressed_nrs24_raw_100/k-fold_ef52-3e29-af2e-b7eb-ebca-afb6-58e8-242b/rec_k8_v1t2_e100_bva.report},
	title = {CNN Model with 2D convolution, using k-fold cross-validation},
	dataset = {Simple Call Test},
	features = {raw},
	results = {validation: \SI{90.6 \pm 8.0}{\percent}, testing: \SI{84.1 \pm 5.7}{\percent}},
	parameters = {epochs: \SI{39 \pm 22.3}{} ($21$, $23$, $25$, $26$, $31$, $46$, $50$, $87$)},
	num = {6}
}
@model{nn_densNet_sct_compressed_nrs24_raw_100,
	id = {nn_densNet_sct_compressed_nrs24_raw_100/k-fold_ef52-3e29-af2e-b7eb-ebca-afb6-58e8-242b/rec_k8_v1t2_e100_bva.report},
	title = {DenseNet 121 Model, using k-fold cross-validation},
	dataset = {Simple Call Test},
	features = {raw},
	results = {validation: \SI{90.6 \pm 5.0}{\percent}, testing: \SI{83.0 \pm 4.5}{\percent}},
	parameters = {epochs: \SI{56 \pm 17.6}{} ($33$, $41$, $46$, $48$, $59$, $63$, $75$, $85$)},
	num = {7}
}
@model{nn_cnn_1d_sct_compressed_nrs0_raw_100,
	id = {nn_cnn_1d_sct_compressed_nrs0_raw_100/k-fold_7230-2be2-c080-14d6-dc82-c705-30e4-f2c6/rec_k8_v1t2_e100_bva.report},
	title = {CNN Model with 1D convolution, using k-fold cross-validation},
	dataset = {Simple Call Test},
	features = {raw},
	results = {validation: \SI{90.6 \pm 4.4}{\percent}, testing: \SI{82.7 \pm 4.7}{\percent}},
	parameters = {epochs: \SI{37 \pm 10.1}{} ($21$, $31$, $31$, $34$, $37$, $40$, $46$, $54$)},
	num = {8}
}
@model{nn_densNet_sct_compressed_nrs6_raw_100,
	id = {nn_densNet_sct_compressed_nrs6_raw_100/k-fold_e50f-e7eb-f09f-7906-7218-63b6-cb68-18c3/rec_k8_v1t2_e100_bva.report},
	title = {DenseNet 121 Model, using k-fold cross-validation},
	dataset = {Simple Call Test},
	features = {raw},
	results = {validation: \SI{91.9 \pm 5.5}{\percent}, testing: \SI{81.2 \pm 5.6}{\percent}},
	parameters = {epochs: \SI{60 \pm 21.8}{} ($31$, $31$, $51$, $53$, $69$, $74$, $78$, $90$)},
	num = {9}
}
@model{nn_cnn_1d_sct_compressed_nrs24_raw_100,
	id = {nn_cnn_1d_sct_compressed_nrs24_raw_100/k-fold_ef52-3e29-af2e-b7eb-ebca-afb6-58e8-242b/rec_k8_v1t2_e100_bva.report},
	title = {CNN Model with 1D convolution, using k-fold cross-validation},
	dataset = {Simple Call Test},
	features = {raw},
	results = {validation: \SI{87.5 \pm 5.7}{\percent}, testing: \SI{81.2 \pm 6.1}{\percent}},
	parameters = {epochs: \SI{48 \pm 18.2}{} ($27$, $31$, $39$, $44$, $48$, $48$, $62$, $84$)},
	num = {10}
}
@model{nn_cnn_1d_sct_compressed_nrs6_raw_100,
	id = {nn_cnn_1d_sct_compressed_nrs6_raw_100/k-fold_e50f-e7eb-f09f-7906-7218-63b6-cb68-18c3/rec_k8_v1t2_e100_bva.report},
	title = {CNN Model with 1D convolution, using k-fold cross-validation},
	dataset = {Simple Call Test},
	features = {raw},
	results = {validation: \SI{87.5 \pm 4.0}{\percent}, testing: \SI{79.2 \pm 2.7}{\percent}},
	parameters = {epochs: \SI{42 \pm 29.0}{} ($8$, $17$, $24$, $27$, $34$, $63$, $71$, $89$)},
	num = {11}
}
@model{nn_cnn_2d_sct_compressed_nrs0_hog_100,
	id = {nn_cnn_2d_sct_compressed_nrs0_hog_100/k-fold_d4cf-2041-657c-7e08-1ba3-f74c-3621-cf83/rec_k8_v1t2_e100_bva.report},
	title = {CNN Model with 2D convolution, using k-fold cross-validation},
	dataset = {Simple Call Test},
	features = {HOG},
	results = {validation: \SI{86.6 \pm 5.5}{\percent}, testing: \SI{79.2 \pm 4.6}{\percent}},
	parameters = {epochs: \SI{31 \pm 18.3}{} ($20$, $20$, $21$, $23$, $24$, $32$, $37$, $74$)},
	num = {12}
}
@model{nn_cnn_1d_sct_compressed_nrs12_raw_100,
	id = {nn_cnn_1d_sct_compressed_nrs12_raw_100/k-fold_36f9-8ae7-1071-8146-f2da-d340-48da-7921/rec_k8_v1t2_e100_bva.report},
	title = {CNN Model with 1D convolution, using k-fold cross-validation},
	dataset = {Simple Call Test},
	features = {raw},
	results = {validation: \SI{86.2 \pm 5.2}{\percent}, testing: \SI{78.4 \pm 4.3}{\percent}},
	parameters = {epochs: \SI{43 \pm 26.7}{} ($10$, $21$, $22$, $29$, $46$, $60$, $73$, $83$)},
	num = {13}
}
@model{nn_cnn_2d_sct_compressed_nrs0_hog_100_3d,
	id = {nn_cnn_2d_sct_compressed_nrs0_hog_100_3d/k-fold_d4cf-2041-657c-7e08-1ba3-f74c-3621-cf83/rec_k8_v1t2_e100_bva.report},
	title = {CNN Model with 2D convolution, using k-fold cross-validation},
	dataset = {Simple Call Test},
	features = {HOG 3D},
	results = {validation: \SI{83.8 \pm 3.3}{\percent}, testing: \SI{77.7 \pm 3.7}{\percent}},
	parameters = {epochs: \SI{15 \pm 7.3}{} ($9$, $10$, $12$, $12$, $14$, $15$, $16$, $32$)},
	num = {14}
}
@model{nn_cnn_1d_sct_compressed_nrs0_hog_100,
	id = {nn_cnn_1d_sct_compressed_nrs0_hog_100/k-fold_d4cf-2041-657c-7e08-1ba3-f74c-3621-cf83/rec_k8_v1t2_e100_bva.report},
	title = {CNN Model with 1D convolution, using k-fold cross-validation},
	dataset = {Simple Call Test},
	features = {HOG},
	results = {validation: \SI{85.6 \pm 3.5}{\percent}, testing: \SI{76.9 \pm 5.1}{\percent}},
	parameters = {epochs: \SI{43 \pm 26.8}{} ($9$, $14$, $35$, $37$, $42$, $45$, $73$, $88$)},
	num = {15}
}
@model{nn_lstm_sct_compressed_nrs0_hog_100,
	id = {nn_lstm_sct_compressed_nrs0_hog_100/k-fold_d4cf-2041-657c-7e08-1ba3-f74c-3621-cf83/rec_k8_v1t2_e100_bva.report},
	title = {LSTM Model, using k-fold cross-validation},
	dataset = {Simple Call Test},
	features = {HOG},
	results = {validation: \SI{89.7 \pm 4.9}{\percent}, testing: \SI{76.2 \pm 2.6}{\percent}},
	parameters = {epochs: \SI{48 \pm 24.2}{} ($6$, $25$, $41$, $47$, $54$, $55$, $72$, $81$)},
	num = {16}
}
@model{nn_densNet_sct_compressed_nrs0_hog_100,
	id = {nn_densNet_sct_compressed_nrs0_hog_100/k-fold_d4cf-2041-657c-7e08-1ba3-f74c-3621-cf83/rec_k8_v1t2_e100_bva.report},
	title = {DenseNet 121 Model, using k-fold cross-validation},
	dataset = {Simple Call Test},
	features = {HOG},
	results = {validation: \SI{87.8 \pm 2.5}{\percent}, testing: \SI{75.8 \pm 4.4}{\percent}},
	parameters = {epochs: \SI{46 \pm 22.6}{} ($29$, $31$, $36$, $39$, $45$, $45$, $46$, $100$)},
	num = {17}
}
@model{nn_lstm_sct_compressed_nrs6_hog_100,
	id = {nn_lstm_sct_compressed_nrs6_hog_100/k-fold_c45d-3cbb-f3e4-3522-4edd-6fe8-1c9b-8f60/rec_k8_v1t2_e100_bva.report},
	title = {LSTM Model, using k-fold cross-validation},
	dataset = {Simple Call Test},
	features = {HOG},
	results = {validation: \SI{84.1 \pm 7.3}{\percent}, testing: \SI{75.5 \pm 4.9}{\percent}},
	parameters = {epochs: \SI{37 \pm 13.1}{} ($19$, $22$, $32$, $34$, $38$, $47$, $52$, $54$)},
	num = {18}
}
@model{nn_cnn_2d_sct_compressed_nrs6_hog_100,
	id = {nn_cnn_2d_sct_compressed_nrs6_hog_100/k-fold_c45d-3cbb-f3e4-3522-4edd-6fe8-1c9b-8f60/rec_k8_v1t2_e100_bva.report},
	title = {CNN Model with 2D convolution, using k-fold cross-validation},
	dataset = {Simple Call Test},
	features = {HOG},
	results = {validation: \SI{82.8 \pm 2.1}{\percent}, testing: \SI{75.3 \pm 6.0}{\percent}},
	parameters = {epochs: \SI{43 \pm 25.7}{} ($10$, $17$, $35$, $37$, $41$, $43$, $73$, $86$)},
	num = {19}
}
@model{nn_lstm_sct_compressed_nrs12_hog_100,
	id = {nn_lstm_sct_compressed_nrs12_hog_100/k-fold_8145-88c6-090d-21cf-e724-c728-5dbc-4cf4/rec_k8_v1t2_e100_bva.report},
	title = {LSTM Model, using k-fold cross-validation},
	dataset = {Simple Call Test},
	features = {HOG},
	results = {validation: \SI{85.3 \pm 5.7}{\percent}, testing: \SI{73.3 \pm 6.0}{\percent}},
	parameters = {epochs: \SI{53 \pm 10.9}{} ($32$, $47$, $49$, $53$, $55$, $57$, $65$, $66$)},
	num = {20}
}
@model{nn_cnn_2d_sct_compressed_nrs24_hog_100,
	id = {nn_cnn_2d_sct_compressed_nrs24_hog_100/k-fold_af64-53b9-e574-7292-7135-504e-0947-d6ae/rec_k8_v1t2_e100_bva.report},
	title = {CNN Model with 2D convolution, using k-fold cross-validation},
	dataset = {Simple Call Test},
	features = {HOG},
	results = {validation: \SI{80.9 \pm 6.1}{\percent}, testing: \SI{73.3 \pm 9.7}{\percent}},
	parameters = {epochs: \SI{41 \pm 14.8}{} ($16$, $26$, $39$, $39$, $43$, $53$, $55$, $59$)},
	num = {21}
}
@model{nn_densNet_sct_compressed_nrs6_hog_100,
	id = {nn_densNet_sct_compressed_nrs6_hog_100/k-fold_c45d-3cbb-f3e4-3522-4edd-6fe8-1c9b-8f60/rec_k8_v1t2_e100_bva.report},
	title = {DenseNet 121 Model, using k-fold cross-validation},
	dataset = {Simple Call Test},
	features = {HOG},
	results = {validation: \SI{83.1 \pm 4.2}{\percent}, testing: \SI{72.8 \pm 6.2}{\percent}},
	parameters = {epochs: \SI{54 \pm 16.7}{} ($35$, $36$, $42$, $46$, $63$, $64$, $73$, $77$)},
	num = {22}
}
@model{nn_cnn_2d_sct_compressed_nrs12_hog_100,
	id = {nn_cnn_2d_sct_compressed_nrs12_hog_100/k-fold_8145-88c6-090d-21cf-e724-c728-5dbc-4cf4/rec_k8_v1t2_e100_bva.report},
	title = {CNN Model with 2D convolution, using k-fold cross-validation},
	dataset = {Simple Call Test},
	features = {HOG},
	results = {validation: \SI{82.5 \pm 4.0}{\percent}, testing: \SI{72.3 \pm 8.0}{\percent}},
	parameters = {epochs: \SI{35 \pm 21.9}{} ($13$, $21$, $26$, $26$, $31$, $37$, $38$, $85$)},
	num = {23}
}
@model{nn_cnn_1d_sct_compressed_nrs12_hog_100,
	id = {nn_cnn_1d_sct_compressed_nrs12_hog_100/k-fold_8145-88c6-090d-21cf-e724-c728-5dbc-4cf4/rec_k8_v1t2_e100_bva.report},
	title = {CNN Model with 1D convolution, using k-fold cross-validation},
	dataset = {Simple Call Test},
	features = {HOG},
	results = {validation: \SI{78.4 \pm 6.5}{\percent}, testing: \SI{72.2 \pm 9.8}{\percent}},
	parameters = {epochs: \SI{38 \pm 24.7}{} ($10$, $12$, $25$, $31$, $34$, $51$, $69$, $76$)},
	num = {24}
}
@model{nn_cnn_2d_sct_compressed_nrs12_hog_100_3d,
	id = {nn_cnn_2d_sct_compressed_nrs12_hog_100_3d/k-fold_8145-88c6-090d-21cf-e724-c728-5dbc-4cf4/rec_k8_v1t2_e100_bva.report},
	title = {CNN Model with 2D convolution, using k-fold cross-validation},
	dataset = {Simple Call Test},
	features = {HOG 3D},
	results = {validation: \SI{80.6 \pm 5.8}{\percent}, testing: \SI{72.0 \pm 6.9}{\percent}},
	parameters = {epochs: \SI{26 \pm 10.9}{} ($9$, $13$, $22$, $24$, $26$, $33$, $38$, $39$)},
	num = {25}
}
@model{nn_cnn_1d_sct_compressed_nrs6_hog_100,
	id = {nn_cnn_1d_sct_compressed_nrs6_hog_100/k-fold_c45d-3cbb-f3e4-3522-4edd-6fe8-1c9b-8f60/rec_k8_v1t2_e100_bva.report},
	title = {CNN Model with 1D convolution, using k-fold cross-validation},
	dataset = {Simple Call Test},
	features = {HOG},
	results = {validation: \SI{79.7 \pm 8.3}{\percent}, testing: \SI{71.9 \pm 7.1}{\percent}},
	parameters = {epochs: \SI{44 \pm 25.5}{} ($14$, $16$, $26$, $39$, $47$, $52$, $79$, $79$)},
	num = {26}
}
@model{nn_lstm_sct_compressed_nrs12_raw_100,
	id = {nn_lstm_sct_compressed_nrs12_raw_100/k-fold_36f9-8ae7-1071-8146-f2da-d340-48da-7921/rec_k8_v1t2_e100_bva.report},
	title = {LSTM Model, using k-fold cross-validation},
	dataset = {Simple Call Test},
	features = {raw},
	results = {validation: \SI{79.1 \pm 5.5}{\percent}, testing: \SI{71.9 \pm 7.2}{\percent}},
	parameters = {epochs: \SI{33 \pm 10.9}{} ($14$, $24$, $28$, $33$, $37$, $39$, $41$, $49$)},
	num = {27}
}
@model{nn_lstm_sct_compressed_nrs24_hog_100,
	id = {nn_lstm_sct_compressed_nrs24_hog_100/k-fold_af64-53b9-e574-7292-7135-504e-0947-d6ae/rec_k8_v1t2_e100_bva.report},
	title = {LSTM Model, using k-fold cross-validation},
	dataset = {Simple Call Test},
	features = {HOG},
	results = {validation: \SI{82.8 \pm 6.7}{\percent}, testing: \SI{71.7 \pm 8.2}{\percent}},
	parameters = {epochs: \SI{42 \pm 20.3}{} ($13$, $16$, $26$, $48$, $52$, $57$, $57$, $65$)},
	num = {28}
}
@model{nn_densNet_sct_compressed_nrs12_hog_100,
	id = {nn_densNet_sct_compressed_nrs12_hog_100/k-fold_8145-88c6-090d-21cf-e724-c728-5dbc-4cf4/rec_k8_v1t2_e100_bva.report},
	title = {DenseNet 121 Model, using k-fold cross-validation},
	dataset = {Simple Call Test},
	features = {HOG},
	results = {validation: \SI{83.1 \pm 5.1}{\percent}, testing: \SI{71.4 \pm 4.5}{\percent}},
	parameters = {epochs: \SI{74 \pm 15.1}{} ($56$, $58$, $58$, $75$, $83$, $83$, $88$, $94$)},
	num = {29}
}
@model{nn_cnn_2d_sct_compressed_nrs6_hog_100_3d,
	id = {nn_cnn_2d_sct_compressed_nrs6_hog_100_3d/k-fold_c45d-3cbb-f3e4-3522-4edd-6fe8-1c9b-8f60/rec_k8_v1t2_e100_bva.report},
	title = {CNN Model with 2D convolution, using k-fold cross-validation},
	dataset = {Simple Call Test},
	features = {HOG 3D},
	results = {validation: \SI{79.7 \pm 4.9}{\percent}, testing: \SI{71.1 \pm 6.9}{\percent}},
	parameters = {epochs: \SI{20 \pm 10.3}{} ($4$, $8$, $16$, $22$, $23$, $24$, $26$, $36$)},
	num = {30}
}
@model{nn_lstm_sct_compressed_nrs24_raw_100,
	id = {nn_lstm_sct_compressed_nrs24_raw_100/k-fold_ef52-3e29-af2e-b7eb-ebca-afb6-58e8-242b/rec_k8_v1t2_e100_bva.report},
	title = {LSTM Model, using k-fold cross-validation},
	dataset = {Simple Call Test},
	features = {raw},
	results = {validation: \SI{79.1 \pm 6.4}{\percent}, testing: \SI{70.6 \pm 5.6}{\percent}},
	parameters = {epochs: \SI{35 \pm 18.3}{} ($17$, $20$, $25$, $29$, $32$, $37$, $49$, $73$)},
	num = {31}
}
@model{nn_densNet_sct_compressed_nrs24_hog_100,
	id = {nn_densNet_sct_compressed_nrs24_hog_100/k-fold_af64-53b9-e574-7292-7135-504e-0947-d6ae/rec_k8_v1t2_e100_bva.report},
	title = {DenseNet 121 Model, using k-fold cross-validation},
	dataset = {Simple Call Test},
	features = {HOG},
	results = {validation: \SI{77.2 \pm 6.3}{\percent}, testing: \SI{68.9 \pm 4.9}{\percent}},
	parameters = {epochs: \SI{57 \pm 23.0}{} ($27$, $28$, $48$, $54$, $60$, $67$, $75$, $95$)},
	num = {32}
}
@model{nn_lstm_sct_compressed_nrs6_raw_100,
	id = {nn_lstm_sct_compressed_nrs6_raw_100/k-fold_e50f-e7eb-f09f-7906-7218-63b6-cb68-18c3/rec_k8_v1t2_e100_bva.report},
	title = {LSTM Model, using k-fold cross-validation},
	dataset = {Simple Call Test},
	features = {raw},
	results = {validation: \SI{76.6 \pm 5.2}{\percent}, testing: \SI{68.4 \pm 6.9}{\percent}},
	parameters = {epochs: \SI{27 \pm 15.2}{} ($9$, $13$, $17$, $20$, $24$, $34$, $48$, $48$)},
	num = {33}
}
@model{nn_cnn_2d_sct_compressed_nrs24_hog_100_3d,
	id = {nn_cnn_2d_sct_compressed_nrs24_hog_100_3d/k-fold_af64-53b9-e574-7292-7135-504e-0947-d6ae/rec_k8_v1t2_e100_bva.report},
	title = {CNN Model with 2D convolution, using k-fold cross-validation},
	dataset = {Simple Call Test},
	features = {HOG 3D},
	results = {validation: \SI{78.1 \pm 6.4}{\percent}, testing: \SI{68.0 \pm 10.2}{\percent}},
	parameters = {epochs: \SI{34 \pm 22.3}{} ($4$, $11$, $24$, $27$, $36$, $44$, $64$, $64$)},
	num = {34}
}
@model{nn_cnn_1d_sct_compressed_nrs24_hog_100,
	id = {nn_cnn_1d_sct_compressed_nrs24_hog_100/k-fold_af64-53b9-e574-7292-7135-504e-0947-d6ae/rec_k8_v1t2_e100_bva.report},
	title = {CNN Model with 1D convolution, using k-fold cross-validation},
	dataset = {Simple Call Test},
	features = {HOG},
	results = {validation: \SI{78.1 \pm 6.6}{\percent}, testing: \SI{68.0 \pm 8.8}{\percent}},
	parameters = {epochs: \SI{48 \pm 31.5}{} ($14$, $19$, $24$, $38$, $39$, $67$, $87$, $96$)},
	num = {35}
}
@model{nn_lstm_sct_compressed_nrs0_raw_100,
	id = {nn_lstm_sct_compressed_nrs0_raw_100/k-fold_7230-2be2-c080-14d6-dc82-c705-30e4-f2c6/rec_k8_v1t2_e100_bva.report},
	title = {LSTM Model, using k-fold cross-validation},
	dataset = {Simple Call Test},
	features = {raw},
	results = {validation: \SI{77.2 \pm 4.5}{\percent}, testing: \SI{67.7 \pm 2.3}{\percent}},
	parameters = {epochs: \SI{28 \pm 18.5}{} ($10$, $11$, $15$, $16$, $27$, $37$, $45$, $61$)},
	num = {36}
}
@model{nn_lstm_sct_vl_xpps4000_h300_hog_100,
	id = {nn_lstm_sct_vl_xpps4000_h300_hog_100/k-fold_5227-a850-f0f2-923a-ad48-e799-0d22-8560/rec_k8_v1t2_e100_bva.report},
	title = {LSTM Model, using k-fold cross-validation},
	dataset = {Simple Call Test},
	features = {HOG},
	results = {validation: \SI{93.4 \pm 2.1}{\percent}, testing: \SI{88.7 \pm 2.4}{\percent}},
	parameters = {epochs: \SI{68 \pm 19.6}{} ($42$, $45$, $58$, $71$, $72$, $73$, $89$, $98$)},
	num = {37}
}
@model{nn_lstm_sct_vl_xpps5000_h512_hog_100,
	id = {nn_lstm_sct_vl_xpps5000_h512_hog_100/k-fold_d8e8-f352-792e-1f08-8d8f-fc4d-c09f-fa70/rec_k8_v1t2_e100_bva.report},
	title = {LSTM Model, using k-fold cross-validation},
	dataset = {Simple Call Test},
	features = {HOG},
	results = {validation: \SI{93.0 \pm 2.9}{\percent}, testing: \SI{88.5 \pm 1.8}{\percent}},
	parameters = {epochs: \SI{61 \pm 9.7}{} ($50$, $53$, $54$, $57$, $59$, $62$, $73$, $77$)},
	num = {38}
}
@model{nn_lstm_sct_vl_xpps5000_h256_hog_100,
	id = {nn_lstm_sct_vl_xpps5000_h256_hog_100/k-fold_d05c-4d28-9829-94ff-d665-9b79-8be1-b3a5/rec_k8_v1t2_e100_bva.report},
	title = {LSTM Model, using k-fold cross-validation},
	dataset = {Simple Call Test},
	features = {HOG},
	results = {validation: \SI{91.9 \pm 1.4}{\percent}, testing: \SI{88.2 \pm 1.7}{\percent}},
	parameters = {epochs: \SI{65 \pm 17.6}{} ($44$, $45$, $57$, $61$, $63$, $70$, $83$, $95$)},
	num = {39}
}
@model{nn_lstm_sct_vl_xpps4000_h512_hog_100,
	id = {nn_lstm_sct_vl_xpps4000_h512_hog_100/k-fold_0d7f-57a8-1ecd-61c6-4144-3d98-152f-20bf/rec_k8_v1t2_e100_bva.report},
	title = {LSTM Model, using k-fold cross-validation},
	dataset = {Simple Call Test},
	features = {HOG},
	results = {validation: \SI{93.0 \pm 2.7}{\percent}, testing: \SI{88.1 \pm 3.4}{\percent}},
	parameters = {epochs: \SI{56 \pm 22.4}{} ($28$, $36$, $40$, $50$, $57$, $67$, $85$, $89$)},
	num = {40}
}
@model{nn_lstm_sct_vl_xpps5000_h300_hog_100,
	id = {nn_lstm_sct_vl_xpps5000_h300_hog_100/k-fold_0247-9221-4c53-039b-1427-a9c3-44c2-615d/rec_k8_v1t2_e100_bva.report},
	title = {LSTM Model, using k-fold cross-validation},
	dataset = {Simple Call Test},
	features = {HOG},
	results = {validation: \SI{93.4 \pm 1.8}{\percent}, testing: \SI{87.0 \pm 2.4}{\percent}},
	parameters = {epochs: \SI{59 \pm 23.8}{} ($30$, $33$, $38$, $57$, $61$, $75$, $88$, $89$)},
	num = {41}
}
@model{nn_lstm_sct_vl_xpps4000_h256_hog_100,
	id = {nn_lstm_sct_vl_xpps4000_h256_hog_100/k-fold_0320-0b8b-2bd2-55e6-bfa2-00b8-82df-bf5e/rec_k8_v1t2_e100_bva.report},
	title = {LSTM Model, using k-fold cross-validation},
	dataset = {Simple Call Test},
	features = {HOG},
	results = {validation: \SI{92.4 \pm 2.6}{\percent}, testing: \SI{86.6 \pm 2.9}{\percent}},
	parameters = {epochs: \SI{53 \pm 15.1}{} ($37$, $39$, $45$, $48$, $53$, $60$, $60$, $84$)},
	num = {42}
}
@model{nn_lstm_sct_vl_xpps2000_h256_raw_100,
	id = {nn_lstm_sct_vl_xpps2000_h256_raw_100/k-fold_d70e-8828-33c3-c48f-9816-0847-6e41-3415/rec_k8_v1t2_e100_bva.report},
	title = {LSTM Model, using k-fold cross-validation},
	dataset = {Simple Call Test},
	features = {raw},
	results = {validation: \SI{78.2 \pm 4.7}{\percent}, testing: \SI{70.5 \pm 3.8}{\percent}},
	parameters = {epochs: \SI{40 \pm 19.3}{} ($10$, $23$, $33$, $35$, $37$, $55$, $63$, $64$)},
	num = {43}
}
@model{nn_lstm_sct_vl_xpps4000_h300_raw_100,
	id = {nn_lstm_sct_vl_xpps4000_h300_raw_100/k-fold_c39a-b52b-0152-b4e5-2129-71e4-82a5-0d19/rec_k8_v1t2_e100_bva.report},
	title = {LSTM Model, using k-fold cross-validation},
	dataset = {Simple Call Test},
	features = {raw},
	results = {validation: \SI{73.1 \pm 3.2}{\percent}, testing: \SI{68.7 \pm 1.9}{\percent}},
	parameters = {epochs: \SI{28 \pm 8.0}{} ($16$, $19$, $27$, $28$, $29$, $33$, $38$, $38$)},
	num = {44}
}
@model{nn_lstm_sct_vl_xpps4000_h256_raw_100,
	id = {nn_lstm_sct_vl_xpps4000_h256_raw_100/k-fold_463f-dc1b-3fb7-7bb7-3c69-df20-ed7f-3256/rec_k8_v1t2_e100_bva.report},
	title = {LSTM Model, using k-fold cross-validation},
	dataset = {Simple Call Test},
	features = {raw},
	results = {validation: \SI{72.2 \pm 2.4}{\percent}, testing: \SI{67.2 \pm 2.7}{\percent}},
	parameters = {epochs: \SI{38 \pm 14.1}{} ($25$, $26$, $28$, $37$, $38$, $39$, $47$, $68$)},
	num = {45}
}
@model{nn_lstm_sct_vl_xpps5000_h300_raw_100,
	id = {nn_lstm_sct_vl_xpps5000_h300_raw_100/k-fold_78db-f70b-4c07-430e-129d-bc8e-e756-2b25/rec_k8_v1t2_e100_bva.report},
	title = {LSTM Model, using k-fold cross-validation},
	dataset = {Simple Call Test},
	features = {raw},
	results = {validation: \SI{72.0 \pm 2.8}{\percent}, testing: \SI{66.7 \pm 1.6}{\percent}},
	parameters = {epochs: \SI{33 \pm 15.5}{} ($16$, $20$, $29$, $29$, $29$, $32$, $42$, $66$)},
	num = {46}
}
@model{nn_lstm_sct_vl_xpps5000_h256_raw_100,
	id = {nn_lstm_sct_vl_xpps5000_h256_raw_100/k-fold_a16c-9840-4e0a-23b3-b43c-77cc-6c17-7f98/rec_k8_v1t2_e100_bva.report},
	title = {LSTM Model, using k-fold cross-validation},
	dataset = {Simple Call Test},
	features = {raw},
	results = {validation: \SI{72.0 \pm 1.8}{\percent}, testing: \SI{65.2 \pm 2.9}{\percent}},
	parameters = {epochs: \SI{24 \pm 9.4}{} ($14$, $17$, $17$, $19$, $20$, $27$, $33$, $41$)},
	num = {47}
}
@model{nn_lstm_sct_vl_xpps4000_h512_raw_100,
	id = {nn_lstm_sct_vl_xpps4000_h512_raw_100/k-fold_82f4-a175-79a4-5fc9-bbde-b1cb-98d5-6747/rec_k8_v1t2_e100_bva.report},
	title = {LSTM Model, using k-fold cross-validation},
	dataset = {Simple Call Test},
	features = {raw},
	results = {validation: \SI{72.5 \pm 3.0}{\percent}, testing: \SI{65.0 \pm 3.7}{\percent}},
	parameters = {epochs: \SI{25 \pm 9.2}{} ($14$, $18$, $18$, $25$, $25$, $29$, $31$, $43$)},
	num = {48}
}
@model{nn_lstm_sct_vl_xpps5000_h512_raw_100,
	id = {nn_lstm_sct_vl_xpps5000_h512_raw_100/k-fold_4f1a-c7dd-6ede-122e-38ee-793e-8b5b-62b7/rec_k8_v1t2_e100_bva.report},
	title = {LSTM Model, using k-fold cross-validation},
	dataset = {Simple Call Test},
	features = {raw},
	results = {validation: \SI{69.7 \pm 2.0}{\percent}, testing: \SI{64.5 \pm 3.0}{\percent}},
	parameters = {epochs: \SI{30 \pm 19.4}{} ($13$, $17$, $17$, $20$, $22$, $31$, $46$, $70$)},
	num = {49}
}
@model{nn_densNet_sct_left_padded_nrs0xpps2000h256_raw_100,
	id = {nn_densNet_sct_left_padded_nrs0xpps2000h256_raw_100/k-fold_90a9-ca21-8bd3-16db-6182-9368-a027-8435/rec_k8_v1t2_e100_bva.report},
	title = {DenseNet 121 Model, using k-fold cross-validation},
	dataset = {Simple Call Test},
	features = {raw},
	results = {validation: \SI{93.4 \pm 4.4}{\percent}, testing: \SI{88.4 \pm 3.5}{\percent}},
	parameters = {epochs: \SI{52 \pm 22.1}{} ($25$, $30$, $34$, $46$, $53$, $73$, $76$, $81$)},
	num = {50}
}
@model{nn_lstm_sct_left_padded_nrs0xpps5000h512_hog_100,
	id = {nn_lstm_sct_left_padded_nrs0xpps5000h512_hog_100/k-fold_a019-5ca7-5997-7811-a2dc-0371-7add-eca6/rec_k8_v1t2_e100_bva.report},
	title = {LSTM Model, using k-fold cross-validation},
	dataset = {Simple Call Test},
	features = {HOG},
	results = {validation: \SI{91.9 \pm 1.6}{\percent}, testing: \SI{87.1 \pm 2.1}{\percent}},
	parameters = {epochs: \SI{62 \pm 17.4}{} ($36$, $48$, $56$, $58$, $62$, $68$, $84$, $88$)},
	num = {51}
}
@model{nn_densNet_sct_left_padded_nrs6xpps2000h256_raw_100,
	id = {nn_densNet_sct_left_padded_nrs6xpps2000h256_raw_100/k-fold_ffb3-e6d3-fbf3-bb32-e1dd-6337-c228-aaf7/rec_k8_v1t2_e100_bva.report},
	title = {DenseNet 121 Model, using k-fold cross-validation},
	dataset = {Simple Call Test},
	features = {raw},
	results = {validation: \SI{91.5 \pm 4.9}{\percent}, testing: \SI{87.1 \pm 4.4}{\percent}},
	parameters = {epochs: \SI{58 \pm 17.7}{} ($35$, $50$, $51$, $53$, $55$, $58$, $61$, $97$)},
	num = {52}
}
@model{nn_densNet_sct_left_padded_nrs0xpps2000h256_hog_100,
	id = {nn_densNet_sct_left_padded_nrs0xpps2000h256_hog_100/k-fold_2305-ba16-6c3b-110e-51b0-4b77-1cc4-147a/rec_k8_v1t2_e100_bva.report},
	title = {DenseNet 121 Model, using k-fold cross-validation},
	dataset = {Simple Call Test},
	features = {HOG},
	results = {validation: \SI{89.8 \pm 4.6}{\percent}, testing: \SI{85.0 \pm 4.8}{\percent}},
	parameters = {epochs: \SI{46 \pm 19.5}{} ($26$, $31$, $39$, $40$, $43$, $46$, $59$, $88$)},
	num = {53}
}
@model{nn_lstm_sct_left_padded_nrs6xpps5000h512_hog_100,
	id = {nn_lstm_sct_left_padded_nrs6xpps5000h512_hog_100/k-fold_6733-f0aa-279d-9d32-a608-3df2-ccd9-49ba/rec_k8_v1t2_e100_bva.report},
	title = {LSTM Model, using k-fold cross-validation},
	dataset = {Simple Call Test},
	features = {HOG},
	results = {validation: \SI{89.6 \pm 3.7}{\percent}, testing: \SI{84.5 \pm 4.6}{\percent}},
	parameters = {epochs: \SI{53 \pm 20.5}{} ($28$, $35$, $43$, $45$, $48$, $64$, $82$, $82$)},
	num = {54}
}
@model{nn_lstm_sct_left_padded_nrs0xpps2000h256_hog_100,
	id = {nn_lstm_sct_left_padded_nrs0xpps2000h256_hog_100/k-fold_2305-ba16-6c3b-110e-51b0-4b77-1cc4-147a/rec_k8_v1t2_e100_bva.report},
	title = {LSTM Model, using k-fold cross-validation},
	dataset = {Simple Call Test},
	features = {HOG},
	results = {validation: \SI{89.2 \pm 4.8}{\percent}, testing: \SI{83.8 \pm 2.3}{\percent}},
	parameters = {epochs: \SI{68 \pm 19.0}{} ($44$, $51$, $54$, $61$, $71$, $85$, $86$, $96$)},
	num = {55}
}
@model{nn_cnn_2d_sct_left_padded_nrs6xpps5000h512_raw_100,
	id = {nn_cnn_2d_sct_left_padded_nrs6xpps5000h512_raw_100/k-fold_cdc6-346a-a2fb-0d53-b9bd-f984-d3a1-847d/rec_k8_v1t2_e100_bva.report},
	title = {CNN Model with 2D convolution, using k-fold cross-validation},
	dataset = {Simple Call Test},
	features = {raw},
	results = {validation: \SI{86.2 \pm 4.8}{\percent}, testing: \SI{80.8 \pm 2.7}{\percent}},
	parameters = {epochs: \SI{46 \pm 21.1}{} ($23$, $26$, $27$, $36$, $57$, $58$, $59$, $82$)},
	num = {56}
}
@model{nn_lstm_sct_left_padded_nrs6xpps2000h256_hog_100,
	id = {nn_lstm_sct_left_padded_nrs6xpps2000h256_hog_100/k-fold_5a75-75ae-cb7b-d13a-1428-ca36-9f93-169c/rec_k8_v1t2_e100_bva.report},
	title = {LSTM Model, using k-fold cross-validation},
	dataset = {Simple Call Test},
	features = {HOG},
	results = {validation: \SI{85.8 \pm 4.0}{\percent}, testing: \SI{80.3 \pm 3.9}{\percent}},
	parameters = {epochs: \SI{40 \pm 15.2}{} ($24$, $25$, $30$, $38$, $38$, $42$, $60$, $65$)},
	num = {57}
}
@model{nn_cnn_1d_sct_left_padded_nrs0xpps5000h512_raw_100,
	id = {nn_cnn_1d_sct_left_padded_nrs0xpps5000h512_raw_100/k-fold_2e11-6dfe-942e-a4a4-1c71-718b-f9b9-1787/rec_k8_v1t2_e100_bva.report},
	title = {CNN Model with 1D convolution, using k-fold cross-validation},
	dataset = {Simple Call Test},
	features = {raw},
	results = {validation: \SI{85.4 \pm 3.9}{\percent}, testing: \SI{80.3 \pm 3.7}{\percent}},
	parameters = {epochs: \SI{56 \pm 21.2}{} ($30$, $34$, $43$, $45$, $62$, $69$, $72$, $91$)},
	num = {58}
}
@model{nn_cnn_2d_sct_left_padded_nrs0xpps5000h512_raw_100,
	id = {nn_cnn_2d_sct_left_padded_nrs0xpps5000h512_raw_100/k-fold_2e11-6dfe-942e-a4a4-1c71-718b-f9b9-1787/rec_k8_v1t2_e100_bva.report},
	title = {CNN Model with 2D convolution, using k-fold cross-validation},
	dataset = {Simple Call Test},
	features = {raw},
	results = {validation: \SI{86.2 \pm 4.9}{\percent}, testing: \SI{80.0 \pm 3.2}{\percent}},
	parameters = {epochs: \SI{52 \pm 28.4}{} ($17$, $17$, $24$, $54$, $65$, $74$, $80$, $83$)},
	num = {59}
}
@model{nn_densNet_sct_left_padded_nrs6xpps2000h256_hog_100,
	id = {nn_densNet_sct_left_padded_nrs6xpps2000h256_hog_100/k-fold_5a75-75ae-cb7b-d13a-1428-ca36-9f93-169c/rec_k8_v1t2_e100_bva.report},
	title = {DenseNet 121 Model, using k-fold cross-validation},
	dataset = {Simple Call Test},
	features = {HOG},
	results = {validation: \SI{86.0 \pm 4.4}{\percent}, testing: \SI{79.7 \pm 3.4}{\percent}},
	parameters = {epochs: \SI{60 \pm 28.0}{} ($24$, $35$, $37$, $52$, $63$, $79$, $94$, $98$)},
	num = {60}
}
@model{nn_cnn_1d_sct_left_padded_nrs0xpps2000h256_raw_100,
	id = {nn_cnn_1d_sct_left_padded_nrs0xpps2000h256_raw_100/k-fold_90a9-ca21-8bd3-16db-6182-9368-a027-8435/rec_k8_v1t2_e100_bva.report},
	title = {CNN Model with 1D convolution, using k-fold cross-validation},
	dataset = {Simple Call Test},
	features = {raw},
	results = {validation: \SI{83.0 \pm 3.0}{\percent}, testing: \SI{77.7 \pm 5.4}{\percent}},
	parameters = {epochs: \SI{70 \pm 15.4}{} ($45$, $54$, $66$, $68$, $74$, $82$, $83$, $91$)},
	num = {61}
}
@model{nn_cnn_2d_sct_left_padded_nrs0xpps2000h256_raw_100,
	id = {nn_cnn_2d_sct_left_padded_nrs0xpps2000h256_raw_100/k-fold_90a9-ca21-8bd3-16db-6182-9368-a027-8435/rec_k8_v1t2_e100_bva.report},
	title = {CNN Model with 2D convolution, using k-fold cross-validation},
	dataset = {Simple Call Test},
	features = {raw},
	results = {validation: \SI{84.1 \pm 5.1}{\percent}, testing: \SI{76.9 \pm 5.4}{\percent}},
	parameters = {epochs: \SI{65 \pm 26.8}{} ($15$, $34$, $68$, $71$, $77$, $77$, $81$, $96$)},
	num = {62}
}
@model{nn_cnn_2d_sct_left_padded_nrs6xpps5000h512_hog_100_3d,
	id = {nn_cnn_2d_sct_left_padded_nrs6xpps5000h512_hog_100_3d/k-fold_6733-f0aa-279d-9d32-a608-3df2-ccd9-49ba/rec_k8_v1t2_e100_bva.report},
	title = {CNN Model with 2D convolution, using k-fold cross-validation},
	dataset = {Simple Call Test},
	features = {HOG 3D},
	results = {validation: \SI{81.8 \pm 3.1}{\percent}, testing: \SI{76.7 \pm 4.2}{\percent}},
	parameters = {epochs: \SI{50 \pm 24.9}{} ($18$, $22$, $36$, $39$, $59$, $71$, $77$, $81$)},
	num = {63}
}
@model{nn_cnn_2d_sct_left_padded_nrs0xpps2000h256_hog_100,
	id = {nn_cnn_2d_sct_left_padded_nrs0xpps2000h256_hog_100/k-fold_2305-ba16-6c3b-110e-51b0-4b77-1cc4-147a/rec_k8_v1t2_e100_bva.report},
	title = {CNN Model with 2D convolution, using k-fold cross-validation},
	dataset = {Simple Call Test},
	features = {HOG},
	results = {validation: \SI{82.8 \pm 4.4}{\percent}, testing: \SI{76.5 \pm 2.8}{\percent}},
	parameters = {epochs: \SI{59 \pm 22.5}{} ($32$, $36$, $44$, $53$, $62$, $69$, $81$, $97$)},
	num = {64}
}
@model{nn_cnn_2d_sct_left_padded_nrs6xpps5000h512_hog_100,
	id = {nn_cnn_2d_sct_left_padded_nrs6xpps5000h512_hog_100/k-fold_6733-f0aa-279d-9d32-a608-3df2-ccd9-49ba/rec_k8_v1t2_e100_bva.report},
	title = {CNN Model with 2D convolution, using k-fold cross-validation},
	dataset = {Simple Call Test},
	features = {HOG},
	results = {validation: \SI{82.4 \pm 3.3}{\percent}, testing: \SI{76.5 \pm 3.3}{\percent}},
	parameters = {epochs: \SI{59 \pm 22.6}{} ($29$, $34$, $39$, $63$, $65$, $69$, $81$, $91$)},
	num = {65}
}
@model{nn_cnn_1d_sct_left_padded_nrs6xpps2000h256_raw_100,
	id = {nn_cnn_1d_sct_left_padded_nrs6xpps2000h256_raw_100/k-fold_ffb3-e6d3-fbf3-bb32-e1dd-6337-c228-aaf7/rec_k8_v1t2_e100_bva.report},
	title = {CNN Model with 1D convolution, using k-fold cross-validation},
	dataset = {Simple Call Test},
	features = {raw},
	results = {validation: \SI{80.9 \pm 4.5}{\percent}, testing: \SI{76.2 \pm 3.8}{\percent}},
	parameters = {epochs: \SI{68 \pm 18.3}{} ($40$, $50$, $63$, $66$, $67$, $72$, $85$, $98$)},
	num = {66}
}
@model{nn_cnn_1d_sct_left_padded_nrs6xpps5000h512_raw_100,
	id = {nn_cnn_1d_sct_left_padded_nrs6xpps5000h512_raw_100/k-fold_cdc6-346a-a2fb-0d53-b9bd-f984-d3a1-847d/rec_k8_v1t2_e100_bva.report},
	title = {CNN Model with 1D convolution, using k-fold cross-validation},
	dataset = {Simple Call Test},
	features = {raw},
	results = {validation: \SI{83.7 \pm 2.9}{\percent}, testing: \SI{76.0 \pm 3.2}{\percent}},
	parameters = {epochs: \SI{45 \pm 25.8}{} ($18$, $23$, $27$, $31$, $44$, $55$, $81$, $84$)},
	num = {67}
}
@model{nn_cnn_2d_sct_left_padded_nrs0xpps5000h512_hog_100,
	id = {nn_cnn_2d_sct_left_padded_nrs0xpps5000h512_hog_100/k-fold_a019-5ca7-5997-7811-a2dc-0371-7add-eca6/rec_k8_v1t2_e100_bva.report},
	title = {CNN Model with 2D convolution, using k-fold cross-validation},
	dataset = {Simple Call Test},
	features = {HOG},
	results = {validation: \SI{83.5 \pm 4.2}{\percent}, testing: \SI{75.8 \pm 4.1}{\percent}},
	parameters = {epochs: \SI{62 \pm 20.4}{} ($31$, $44$, $45$, $58$, $75$, $79$, $80$, $85$)},
	num = {68}
}
@model{nn_cnn_2d_sct_left_padded_nrs6xpps2000h256_hog_100,
	id = {nn_cnn_2d_sct_left_padded_nrs6xpps2000h256_hog_100/k-fold_5a75-75ae-cb7b-d13a-1428-ca36-9f93-169c/rec_k8_v1t2_e100_bva.report},
	title = {CNN Model with 2D convolution, using k-fold cross-validation},
	dataset = {Simple Call Test},
	features = {HOG},
	results = {validation: \SI{81.1 \pm 4.3}{\percent}, testing: \SI{75.4 \pm 5.3}{\percent}},
	parameters = {epochs: \SI{49 \pm 14.9}{} ($26$, $36$, $46$, $46$, $47$, $55$, $64$, $73$)},
	num = {69}
}
@model{nn_cnn_2d_sct_left_padded_nrs6xpps2000h256_raw_100,
	id = {nn_cnn_2d_sct_left_padded_nrs6xpps2000h256_raw_100/k-fold_ffb3-e6d3-fbf3-bb32-e1dd-6337-c228-aaf7/rec_k8_v1t2_e100_bva.report},
	title = {CNN Model with 2D convolution, using k-fold cross-validation},
	dataset = {Simple Call Test},
	features = {raw},
	results = {validation: \SI{82.8 \pm 4.3}{\percent}, testing: \SI{75.3 \pm 2.3}{\percent}},
	parameters = {epochs: \SI{53 \pm 19.9}{} ($23$, $36$, $39$, $45$, $67$, $67$, $69$, $79$)},
	num = {70}
}
@model{nn_cnn_1d_sct_left_padded_nrs0xpps2000h256_hog_100,
	id = {nn_cnn_1d_sct_left_padded_nrs0xpps2000h256_hog_100/k-fold_2305-ba16-6c3b-110e-51b0-4b77-1cc4-147a/rec_k8_v1t2_e100_bva.report},
	title = {CNN Model with 1D convolution, using k-fold cross-validation},
	dataset = {Simple Call Test},
	features = {HOG},
	results = {validation: \SI{82.6 \pm 3.2}{\percent}, testing: \SI{75.1 \pm 3.3}{\percent}},
	parameters = {epochs: \SI{40 \pm 11.1}{} ($29$, $30$, $30$, $38$, $39$, $43$, $54$, $58$)},
	num = {71}
}
@model{nn_cnn_1d_sct_left_padded_nrs6xpps2000h256_hog_100,
	id = {nn_cnn_1d_sct_left_padded_nrs6xpps2000h256_hog_100/k-fold_5a75-75ae-cb7b-d13a-1428-ca36-9f93-169c/rec_k8_v1t2_e100_bva.report},
	title = {CNN Model with 1D convolution, using k-fold cross-validation},
	dataset = {Simple Call Test},
	features = {HOG},
	results = {validation: \SI{83.0 \pm 2.8}{\percent}, testing: \SI{75.0 \pm 7.6}{\percent}},
	parameters = {epochs: \SI{55 \pm 21.8}{} ($19$, $37$, $49$, $57$, $58$, $60$, $65$, $94$)},
	num = {72}
}
@model{nn_cnn_2d_sct_left_padded_nrs0xpps5000h512_hog_100_3d,
	id = {nn_cnn_2d_sct_left_padded_nrs0xpps5000h512_hog_100_3d/k-fold_a019-5ca7-5997-7811-a2dc-0371-7add-eca6/rec_k8_v1t2_e100_bva.report},
	title = {CNN Model with 2D convolution, using k-fold cross-validation},
	dataset = {Simple Call Test},
	features = {HOG 3D},
	results = {validation: \SI{80.5 \pm 4.2}{\percent}, testing: \SI{74.5 \pm 3.8}{\percent}},
	parameters = {epochs: \SI{20 \pm 13.0}{} ($4$, $9$, $11$, $15$, $25$, $26$, $31$, $43$)},
	num = {73}
}
@model{nn_cnn_2d_sct_left_padded_nrs0xpps2000h256_hog_100_3d,
	id = {nn_cnn_2d_sct_left_padded_nrs0xpps2000h256_hog_100_3d/k-fold_2305-ba16-6c3b-110e-51b0-4b77-1cc4-147a/rec_k8_v1t2_e100_bva.report},
	title = {CNN Model with 2D convolution, using k-fold cross-validation},
	dataset = {Simple Call Test},
	features = {HOG 3D},
	results = {validation: \SI{79.7 \pm 3.8}{\percent}, testing: \SI{74.1 \pm 2.2}{\percent}},
	parameters = {epochs: \SI{38 \pm 25.6}{} ($11$, $20$, $22$, $23$, $34$, $42$, $68$, $84$)},
	num = {74}
}
@model{nn_lstm_sct_left_padded_nrs6xpps2000h256_raw_100,
	id = {nn_lstm_sct_left_padded_nrs6xpps2000h256_raw_100/k-fold_ffb3-e6d3-fbf3-bb32-e1dd-6337-c228-aaf7/rec_k8_v1t2_e100_bva.report},
	title = {LSTM Model, using k-fold cross-validation},
	dataset = {Simple Call Test},
	features = {raw},
	results = {validation: \SI{79.4 \pm 3.2}{\percent}, testing: \SI{73.4 \pm 3.5}{\percent}},
	parameters = {epochs: \SI{49 \pm 12.5}{} ($30$, $37$, $38$, $47$, $58$, $59$, $60$, $62$)},
	num = {75}
}
@model{nn_cnn_1d_sct_left_padded_nrs0xpps5000h512_hog_100,
	id = {nn_cnn_1d_sct_left_padded_nrs0xpps5000h512_hog_100/k-fold_a019-5ca7-5997-7811-a2dc-0371-7add-eca6/rec_k8_v1t2_e100_bva.report},
	title = {CNN Model with 1D convolution, using k-fold cross-validation},
	dataset = {Simple Call Test},
	features = {HOG},
	results = {validation: \SI{79.9 \pm 4.3}{\percent}, testing: \SI{73.2 \pm 5.6}{\percent}},
	parameters = {epochs: \SI{54 \pm 22.6}{} ($17$, $37$, $45$, $46$, $50$, $72$, $77$, $84$)},
	num = {76}
}
@model{nn_cnn_1d_sct_left_padded_nrs6xpps5000h512_hog_100,
	id = {nn_cnn_1d_sct_left_padded_nrs6xpps5000h512_hog_100/k-fold_6733-f0aa-279d-9d32-a608-3df2-ccd9-49ba/rec_k8_v1t2_e100_bva.report},
	title = {CNN Model with 1D convolution, using k-fold cross-validation},
	dataset = {Simple Call Test},
	features = {HOG},
	results = {validation: \SI{79.0 \pm 4.5}{\percent}, testing: \SI{72.6 \pm 6.9}{\percent}},
	parameters = {epochs: \SI{58 \pm 26.0}{} ($16$, $34$, $46$, $57$, $64$, $70$, $88$, $92$)},
	num = {77}
}
@model{nn_lstm_sct_left_padded_nrs0xpps2000h256_raw_100,
	id = {nn_lstm_sct_left_padded_nrs0xpps2000h256_raw_100/k-fold_90a9-ca21-8bd3-16db-6182-9368-a027-8435/rec_k8_v1t2_e100_bva.report},
	title = {LSTM Model, using k-fold cross-validation},
	dataset = {Simple Call Test},
	features = {raw},
	results = {validation: \SI{79.7 \pm 3.0}{\percent}, testing: \SI{72.0 \pm 3.4}{\percent}},
	parameters = {epochs: \SI{42 \pm 14.6}{} ($24$, $27$, $29$, $39$, $45$, $51$, $56$, $64$)},
	num = {78}
}
@model{nn_cnn_2d_sct_left_padded_nrs6xpps2000h256_hog_100_3d,
	id = {nn_cnn_2d_sct_left_padded_nrs6xpps2000h256_hog_100_3d/k-fold_5a75-75ae-cb7b-d13a-1428-ca36-9f93-169c/rec_k8_v1t2_e100_bva.report},
	title = {CNN Model with 2D convolution, using k-fold cross-validation},
	dataset = {Simple Call Test},
	features = {HOG 3D},
	results = {validation: \SI{81.3 \pm 4.7}{\percent}, testing: \SI{71.8 \pm 4.2}{\percent}},
	parameters = {epochs: \SI{42 \pm 31.4}{} ($8$, $14$, $22$, $25$, $37$, $60$, $81$, $91$)},
	num = {79}
}
@model{nn_lstm_sct_left_padded_nrs6xpps5000h512_raw_100,
	id = {nn_lstm_sct_left_padded_nrs6xpps5000h512_raw_100/k-fold_cdc6-346a-a2fb-0d53-b9bd-f984-d3a1-847d/rec_k8_v1t2_e100_bva.report},
	title = {LSTM Model, using k-fold cross-validation},
	dataset = {Simple Call Test},
	features = {raw},
	results = {validation: \SI{69.3 \pm 5.0}{\percent}, testing: \SI{63.5 \pm 1.5}{\percent}},
	parameters = {epochs: \SI{45 \pm 23.1}{} ($24$, $25$, $33$, $38$, $43$, $50$, $54$, $96$)},
	num = {80}
}
@model{nn_lstm_sct_left_padded_nrs0xpps5000h512_raw_100,
	id = {nn_lstm_sct_left_padded_nrs0xpps5000h512_raw_100/k-fold_2e11-6dfe-942e-a4a4-1c71-718b-f9b9-1787/rec_k8_v1t2_e100_bva.report},
	title = {LSTM Model, using k-fold cross-validation},
	dataset = {Simple Call Test},
	features = {raw},
	results = {validation: \SI{71.8 \pm 1.6}{\percent}, testing: \SI{63.4 \pm 3.9}{\percent}},
	parameters = {epochs: \SI{32 \pm 21.4}{} ($11$, $11$, $13$, $22$, $39$, $41$, $49$, $70$)},
	num = {81}
}
@model{nn_densNet_scs_r3_p30s5l60_raw_100,
	id = {nn_densNet_scs_r3_p30s5l60%_raw_100/k-fold_9721-cd4a-f418-7e07-43fa-3ce3-99e3-5a3b/rec_k8_v1t2_e100_bva.report},
	title = {DenseNet 121 Model, using k-fold cross-validation},
	dataset = {Simple Call Seq},
	features = {raw},
	results = {validation: \SI{95.9 \pm 0.7}{\percent}, testing: \SI{93.7 \pm 0.6}{\percent}},
	parameters = {epochs: \SI{56 \pm 19.9}{} ($22$, $33$, $45$, $65$, $65$, $67$, $68$, $79$)},
	num = {82}
}
@model{nn_densNet_scs_r3_p30s5l80_raw_100,
	id = {nn_densNet_scs_r3_p30s5l80%_raw_100/k-fold_00a9-39b2-c5f2-cfc9-1389-d438-32c7-7c0e/rec_k8_v1t2_e100_bva.report},
	title = {DenseNet 121 Model, using k-fold cross-validation},
	dataset = {Simple Call Seq},
	features = {raw},
	results = {validation: \SI{95.1 \pm 0.5}{\percent}, testing: \SI{92.3 \pm 1.4}{\percent}},
	parameters = {epochs: \SI{41 \pm 27.6}{} ($13$, $16$, $20$, $20$, $48$, $52$, $73$, $84$)},
	num = {83}
}
@model{nn_lstm_scs_r3_p30s5l60_raw_100,
	id = {nn_lstm_scs_r3_p30s5l60%_raw_100/k-fold_9721-cd4a-f418-7e07-43fa-3ce3-99e3-5a3b/rec_k8_v1t2_e100_bva.report},
	title = {LSTM Model, using k-fold cross-validation},
	dataset = {Simple Call Seq},
	features = {raw},
	results = {validation: \SI{93.2 \pm 1.0}{\percent}, testing: \SI{89.7 \pm 1.1}{\percent}},
	parameters = {epochs: \SI{49 \pm 20.3}{} ($20$, $27$, $41$, $43$, $54$, $55$, $70$, $80$)},
	num = {84}
}
@model{nn_cnn_1d_scs_r3_p30s5l60_raw_100,
	id = {nn_cnn_1d_scs_r3_p30s5l60%_raw_100/k-fold_9721-cd4a-f418-7e07-43fa-3ce3-99e3-5a3b/rec_k8_v1t2_e100_bva.report},
	title = {CNN Model with 1D convolution, using k-fold cross-validation},
	dataset = {Simple Call Seq},
	features = {raw},
	results = {validation: \SI{91.4 \pm 0.8}{\percent}, testing: \SI{89.3 \pm 0.9}{\percent}},
	parameters = {epochs: \SI{50 \pm 22.5}{} ($33$, $37$, $38$, $40$, $41$, $49$, $66$, $100$)},
	num = {85}
}
@model{nn_cnn_1d_scs_r3_p30s5l80_raw_100,
	id = {nn_cnn_1d_scs_r3_p30s5l80%_raw_100/k-fold_00a9-39b2-c5f2-cfc9-1389-d438-32c7-7c0e/rec_k8_v1t2_e100_bva.report},
	title = {CNN Model with 1D convolution, using k-fold cross-validation},
	dataset = {Simple Call Seq},
	features = {raw},
	results = {validation: \SI{90.7 \pm 1.5}{\percent}, testing: \SI{88.6 \pm 1.1}{\percent}},
	parameters = {epochs: \SI{32 \pm 5.3}{} ($22$, $27$, $29$, $31$, $33$, $36$, $37$, $37$)},
	num = {86}
}
@model{nn_lstm_scs_r3_p30s5l80_raw_100,
	id = {nn_lstm_scs_r3_p30s5l80%_raw_100/k-fold_00a9-39b2-c5f2-cfc9-1389-d438-32c7-7c0e/rec_k8_v1t2_e100_bva.report},
	title = {LSTM Model, using k-fold cross-validation},
	dataset = {Simple Call Seq},
	features = {raw},
	results = {validation: \SI{92.2 \pm 1.5}{\percent}, testing: \SI{88.4 \pm 0.7}{\percent}},
	parameters = {epochs: \SI{48 \pm 16.6}{} ($24$, $27$, $36$, $52$, $56$, $58$, $63$, $67$)},
	num = {87}
}
@model{nn_densNet_scs_r3_p30s10l80_raw_100,
	id = {nn_densNet_scs_r3_p30s10l80%_raw_100/k-fold_5fad-f336-8f0e-6396-9142-7195-ae1a-6def/rec_k8_v1t2_e100_bva.report},
	title = {DenseNet 121 Model, using k-fold cross-validation},
	dataset = {Simple Call Seq},
	features = {raw},
	results = {validation: \SI{90.8 \pm 1.4}{\percent}, testing: \SI{87.9 \pm 1.5}{\percent}},
	parameters = {epochs: \SI{30 \pm 15.1}{} ($9$, $17$, $19$, $33$, $34$, $34$, $36$, $58$)},
	num = {88}
}
@model{nn_densNet_scs_r3_p30s10l60_raw_100,
	id = {nn_densNet_scs_r3_p30s10l60%_raw_100/k-fold_d9a7-8908-743c-7dda-e7a0-72dd-ebfa-d83f/rec_k8_v1t2_e100_bva.report},
	title = {DenseNet 121 Model, using k-fold cross-validation},
	dataset = {Simple Call Seq},
	features = {raw},
	results = {validation: \SI{90.8 \pm 1.0}{\percent}, testing: \SI{87.3 \pm 1.4}{\percent}},
	parameters = {epochs: \SI{48 \pm 21.5}{} ($25$, $31$, $33$, $34$, $41$, $71$, $71$, $78$)},
	num = {89}
}
@model{nn_densNet_scs_r3_p30s5l60_hog_100,
	id = {nn_densNet_scs_r3_p30s5l60%_hog_100/k-fold_2df7-5dc6-001a-6cc6-35b2-a366-46a4-2f27/rec_k8_v1t2_e100_bva.report},
	title = {DenseNet 121 Model, using k-fold cross-validation},
	dataset = {Simple Call Seq},
	features = {HOG},
	results = {validation: \SI{89.1 \pm 1.1}{\percent}, testing: \SI{86.8 \pm 1.1}{\percent}},
	parameters = {epochs: \SI{57 \pm 26.3}{} ($15$, $33$, $36$, $59$, $71$, $76$, $84$, $85$)},
	num = {90}
}
@model{nn_cnn_2d_scs_r3_p30s5l60_raw_100,
	id = {nn_cnn_2d_scs_r3_p30s5l60%_raw_100/k-fold_9721-cd4a-f418-7e07-43fa-3ce3-99e3-5a3b/rec_k8_v1t2_e100_bva.report},
	title = {CNN Model with 2D convolution, using k-fold cross-validation},
	dataset = {Simple Call Seq},
	features = {raw},
	results = {validation: \SI{87.7 \pm 0.5}{\percent}, testing: \SI{86.3 \pm 1.5}{\percent}},
	parameters = {epochs: \SI{25 \pm 23.9}{} ($10$, $11$, $11$, $14$, $23$, $25$, $25$, $82$)},
	num = {91}
}
@model{nn_densNet_scs_r3_p30s5l80_hog_100,
	id = {nn_densNet_scs_r3_p30s5l80%_hog_100/k-fold_412a-e619-6603-0dd2-d720-2141-a532-4c3c/rec_k8_v1t2_e100_bva.report},
	title = {DenseNet 121 Model, using k-fold cross-validation},
	dataset = {Simple Call Seq},
	features = {HOG},
	results = {validation: \SI{90.3 \pm 1.4}{\percent}, testing: \SI{86.2 \pm 0.7}{\percent}},
	parameters = {epochs: \SI{52 \pm 27.1}{} ($22$, $33$, $33$, $43$, $50$, $51$, $93$, $94$)},
	num = {92}
}
@model{nn_cnn_2d_scs_r3_p30s5l80_raw_100,
	id = {nn_cnn_2d_scs_r3_p30s5l80%_raw_100/k-fold_00a9-39b2-c5f2-cfc9-1389-d438-32c7-7c0e/rec_k8_v1t2_e100_bva.report},
	title = {CNN Model with 2D convolution, using k-fold cross-validation},
	dataset = {Simple Call Seq},
	features = {raw},
	results = {validation: \SI{88.3 \pm 1.3}{\percent}, testing: \SI{85.8 \pm 1.4}{\percent}},
	parameters = {epochs: \SI{35 \pm 32.2}{} ($9$, $11$, $15$, $20$, $24$, $28$, $83$, $89$)},
	num = {93}
}
@model{nn_lstm_scs_r3_p30s5l60_hog_100,
	id = {nn_lstm_scs_r3_p30s5l60%_hog_100/k-fold_2df7-5dc6-001a-6cc6-35b2-a366-46a4-2f27/rec_k8_v1t2_e100_bva.report},
	title = {LSTM Model, using k-fold cross-validation},
	dataset = {Simple Call Seq},
	features = {HOG},
	results = {validation: \SI{86.0 \pm 0.5}{\percent}, testing: \SI{83.1 \pm 1.0}{\percent}},
	parameters = {epochs: \SI{77 \pm 14.8}{} ($56$, $60$, $71$, $74$, $75$, $87$, $94$, $96$)},
	num = {94}
}
@model{nn_lstm_scs_r3_p30s5l80_hog_100,
	id = {nn_lstm_scs_r3_p30s5l80%_hog_100/k-fold_412a-e619-6603-0dd2-d720-2141-a532-4c3c/rec_k8_v1t2_e100_bva.report},
	title = {LSTM Model, using k-fold cross-validation},
	dataset = {Simple Call Seq},
	features = {HOG},
	results = {validation: \SI{87.0 \pm 1.1}{\percent}, testing: \SI{83.1 \pm 1.5}{\percent}},
	parameters = {epochs: \SI{58 \pm 18.3}{} ($32$, $38$, $48$, $58$, $63$, $64$, $67$, $90$)},
	num = {95}
}
@model{nn_cnn_2d_scs_r3_p30s10l80_raw_100,
	id = {nn_cnn_2d_scs_r3_p30s10l80%_raw_100/k-fold_5fad-f336-8f0e-6396-9142-7195-ae1a-6def/rec_k8_v1t2_e100_bva.report},
	title = {CNN Model with 2D convolution, using k-fold cross-validation},
	dataset = {Simple Call Seq},
	features = {raw},
	results = {validation: \SI{82.1 \pm 1.4}{\percent}, testing: \SI{81.1 \pm 2.0}{\percent}},
	parameters = {epochs: \SI{11 \pm 2.1}{} ($7$, $9$, $10$, $10$, $12$, $12$, $13$, $13$)},
	num = {96}
}
@model{nn_cnn_2d_scs_r3_p30s10l60_raw_100,
	id = {nn_cnn_2d_scs_r3_p30s10l60%_raw_100/k-fold_d9a7-8908-743c-7dda-e7a0-72dd-ebfa-d83f/rec_k8_v1t2_e100_bva.report},
	title = {CNN Model with 2D convolution, using k-fold cross-validation},
	dataset = {Simple Call Seq},
	features = {raw},
	results = {validation: \SI{82.3 \pm 1.2}{\percent}, testing: \SI{80.1 \pm 1.8}{\percent}},
	parameters = {epochs: \SI{20 \pm 16.4}{} ($10$, $12$, $13$, $14$, $14$, $19$, $20$, $60$)},
	num = {97}
}
@model{nn_cnn_2d_scs_r3_p30s5l80_hog_100,
	id = {nn_cnn_2d_scs_r3_p30s5l80%_hog_100/k-fold_412a-e619-6603-0dd2-d720-2141-a532-4c3c/rec_k8_v1t2_e100_bva.report},
	title = {CNN Model with 2D convolution, using k-fold cross-validation},
	dataset = {Simple Call Seq},
	features = {HOG},
	results = {validation: \SI{81.5 \pm 1.6}{\percent}, testing: \SI{79.6 \pm 1.3}{\percent}},
	parameters = {epochs: \SI{15 \pm 4.9}{} ($8$, $11$, $13$, $14$, $15$, $16$, $19$, $24$)},
	num = {98}
}
@model{nn_lstm_scs_r3_p30s10l80_hog_100,
	id = {nn_lstm_scs_r3_p30s10l80%_hog_100/k-fold_9e3c-b34c-4227-9a35-908d-8aaa-a48a-e632/rec_k8_v1t2_e100_bva.report},
	title = {LSTM Model, using k-fold cross-validation},
	dataset = {Simple Call Seq},
	features = {HOG},
	results = {validation: \SI{83.1 \pm 1.8}{\percent}, testing: \SI{79.5 \pm 2.4}{\percent}},
	parameters = {epochs: \SI{43 \pm 16.5}{} ($24$, $27$, $34$, $41$, $41$, $48$, $58$, $74$)},
	num = {99}
}
@model{nn_cnn_1d_scs_r3_p30s5l80_hog_100,
	id = {nn_cnn_1d_scs_r3_p30s5l80%_hog_100/k-fold_412a-e619-6603-0dd2-d720-2141-a532-4c3c/rec_k8_v1t2_e100_bva.report},
	title = {CNN Model with 1D convolution, using k-fold cross-validation},
	dataset = {Simple Call Seq},
	features = {HOG},
	results = {validation: \SI{80.8 \pm 1.6}{\percent}, testing: \SI{79.4 \pm 1.2}{\percent}},
	parameters = {epochs: \SI{32 \pm 10.7}{} ($17$, $18$, $29$, $33$, $35$, $36$, $43$, $47$)},
	num = {100}
}
@model{nn_cnn_1d_scs_r3_p30s10l60_raw_100,
	id = {nn_cnn_1d_scs_r3_p30s10l60%_raw_100/k-fold_d9a7-8908-743c-7dda-e7a0-72dd-ebfa-d83f/rec_k8_v1t2_e100_bva.report},
	title = {CNN Model with 1D convolution, using k-fold cross-validation},
	dataset = {Simple Call Seq},
	features = {raw},
	results = {validation: \SI{83.3 \pm 2.3}{\percent}, testing: \SI{78.8 \pm 2.6}{\percent}},
	parameters = {epochs: \SI{46 \pm 20.6}{} ($23$, $26$, $34$, $35$, $44$, $66$, $66$, $77$)},
	num = {101}
}
@model{nn_lstm_scs_r3_p30s10l60_hog_100,
	id = {nn_lstm_scs_r3_p30s10l60%_hog_100/k-fold_16fa-2752-ae28-0022-8e39-3b36-f5af-1170/rec_k8_v1t2_e100_bva.report},
	title = {LSTM Model, using k-fold cross-validation},
	dataset = {Simple Call Seq},
	features = {HOG},
	results = {validation: \SI{82.1 \pm 1.7}{\percent}, testing: \SI{78.5 \pm 1.8}{\percent}},
	parameters = {epochs: \SI{65 \pm 21.7}{} ($45$, $45$, $48$, $48$, $66$, $85$, $91$, $94$)},
	num = {102}
}
@model{nn_lstm_scs_r3_p30s10l60_raw_100,
	id = {nn_lstm_scs_r3_p30s10l60%_raw_100/k-fold_d9a7-8908-743c-7dda-e7a0-72dd-ebfa-d83f/rec_k8_v1t2_e100_bva.report},
	title = {LSTM Model, using k-fold cross-validation},
	dataset = {Simple Call Seq},
	features = {raw},
	results = {validation: \SI{81.9 \pm 0.9}{\percent}, testing: \SI{78.2 \pm 1.9}{\percent}},
	parameters = {epochs: \SI{38 \pm 14.0}{} ($19$, $28$, $31$, $32$, $35$, $42$, $49$, $64$)},
	num = {103}
}
@model{nn_cnn_2d_scs_r3_p30s5l80_hog_100_3d,
	id = {nn_cnn_2d_scs_r3_p30s5l80%_hog_100_3d/k-fold_412a-e619-6603-0dd2-d720-2141-a532-4c3c/rec_k8_v1t2_e100_bva.report},
	title = {CNN Model with 2D convolution, using k-fold cross-validation},
	dataset = {Simple Call Seq},
	features = {HOG 3D},
	results = {validation: \SI{79.5 \pm 1.5}{\percent}, testing: \SI{78.0 \pm 1.9}{\percent}},
	parameters = {epochs: \SI{14 \pm 4.1}{} ($8$, $10$, $12$, $13$, $15$, $16$, $17$, $21$)},
	num = {104}
}
@model{nn_cnn_2d_scs_r3_p30s5l60_hog_100,
	id = {nn_cnn_2d_scs_r3_p30s5l60%_hog_100/k-fold_2df7-5dc6-001a-6cc6-35b2-a366-46a4-2f27/rec_k8_v1t2_e100_bva.report},
	title = {CNN Model with 2D convolution, using k-fold cross-validation},
	dataset = {Simple Call Seq},
	features = {HOG},
	results = {validation: \SI{79.0 \pm 1.3}{\percent}, testing: \SI{77.6 \pm 0.8}{\percent}},
	parameters = {epochs: \SI{18 \pm 8.1}{} ($10$, $12$, $14$, $15$, $17$, $19$, $20$, $36$)},
	num = {105}
}
@model{nn_cnn_1d_scs_r3_p30s10l80_raw_100,
	id = {nn_cnn_1d_scs_r3_p30s10l80%_raw_100/k-fold_5fad-f336-8f0e-6396-9142-7195-ae1a-6def/rec_k8_v1t2_e100_bva.report},
	title = {CNN Model with 1D convolution, using k-fold cross-validation},
	dataset = {Simple Call Seq},
	features = {raw},
	results = {validation: \SI{81.5 \pm 1.6}{\percent}, testing: \SI{77.5 \pm 2.4}{\percent}},
	parameters = {epochs: \SI{35 \pm 14.8}{} ($15$, $26$, $26$, $27$, $29$, $47$, $53$, $55$)},
	num = {106}
}
@model{nn_densNet_scs_r3_p30s10l80_hog_100,
	id = {nn_densNet_scs_r3_p30s10l80%_hog_100/k-fold_9e3c-b34c-4227-9a35-908d-8aaa-a48a-e632/rec_k8_v1t2_e100_bva.report},
	title = {DenseNet 121 Model, using k-fold cross-validation},
	dataset = {Simple Call Seq},
	features = {HOG},
	results = {validation: \SI{81.3 \pm 1.6}{\percent}, testing: \SI{77.4 \pm 1.4}{\percent}},
	parameters = {epochs: \SI{40 \pm 27.5}{} ($3$, $14$, $22$, $26$, $46$, $59$, $67$, $80$)},
	num = {107}
}
@model{nn_cnn_1d_scs_r3_p30s5l60_hog_100,
	id = {nn_cnn_1d_scs_r3_p30s5l60%_hog_100/k-fold_2df7-5dc6-001a-6cc6-35b2-a366-46a4-2f27/rec_k8_v1t2_e100_bva.report},
	title = {CNN Model with 1D convolution, using k-fold cross-validation},
	dataset = {Simple Call Seq},
	features = {HOG},
	results = {validation: \SI{78.6 \pm 1.6}{\percent}, testing: \SI{77.2 \pm 1.4}{\percent}},
	parameters = {epochs: \SI{43 \pm 17.1}{} ($27$, $30$, $31$, $32$, $35$, $57$, $66$, $67$)},
	num = {108}
}
@model{nn_densNet_scs_r3_p30s10l60_hog_100,
	id = {nn_densNet_scs_r3_p30s10l60%_hog_100/k-fold_16fa-2752-ae28-0022-8e39-3b36-f5af-1170/rec_k8_v1t2_e100_bva.report},
	title = {DenseNet 121 Model, using k-fold cross-validation},
	dataset = {Simple Call Seq},
	features = {HOG},
	results = {validation: \SI{80.6 \pm 1.7}{\percent}, testing: \SI{76.5 \pm 1.8}{\percent}},
	parameters = {epochs: \SI{42 \pm 25.8}{} ($8$, $8$, $27$, $45$, $46$, $58$, $68$, $76$)},
	num = {109}
}
@model{nn_cnn_2d_scs_r3_p30s10l80_hog_100,
	id = {nn_cnn_2d_scs_r3_p30s10l80%_hog_100/k-fold_9e3c-b34c-4227-9a35-908d-8aaa-a48a-e632/rec_k8_v1t2_e100_bva.report},
	title = {CNN Model with 2D convolution, using k-fold cross-validation},
	dataset = {Simple Call Seq},
	features = {HOG},
	results = {validation: \SI{77.8 \pm 2.5}{\percent}, testing: \SI{76.2 \pm 1.9}{\percent}},
	parameters = {epochs: \SI{14 \pm 2.2}{} ($11$, $12$, $13$, $13$, $13$, $15$, $17$, $17$)},
	num = {110}
}
@model{nn_lstm_scs_r3_p30s10l80_raw_100,
	id = {nn_lstm_scs_r3_p30s10l80%_raw_100/k-fold_5fad-f336-8f0e-6396-9142-7195-ae1a-6def/rec_k8_v1t2_e100_bva.report},
	title = {LSTM Model, using k-fold cross-validation},
	dataset = {Simple Call Seq},
	features = {raw},
	results = {validation: \SI{80.0 \pm 2.7}{\percent}, testing: \SI{75.5 \pm 1.1}{\percent}},
	parameters = {epochs: \SI{25 \pm 10.2}{} ($14$, $14$, $21$, $24$, $25$, $25$, $37$, $43$)},
	num = {111}
}
@model{nn_cnn_2d_scs_r3_p30s5l60_hog_100_3d,
	id = {nn_cnn_2d_scs_r3_p30s5l60%_hog_100_3d/k-fold_2df7-5dc6-001a-6cc6-35b2-a366-46a4-2f27/rec_k8_v1t2_e100_bva.report},
	title = {CNN Model with 2D convolution, using k-fold cross-validation},
	dataset = {Simple Call Seq},
	features = {HOG 3D},
	results = {validation: \SI{76.8 \pm 1.7}{\percent}, testing: \SI{75.2 \pm 1.0}{\percent}},
	parameters = {epochs: \SI{18 \pm 6.1}{} ($11$, $14$, $15$, $17$, $17$, $20$, $21$, $31$)},
	num = {112}
}
@model{nn_cnn_1d_scs_r3_p30s10l80_hog_100,
	id = {nn_cnn_1d_scs_r3_p30s10l80%_hog_100/k-fold_9e3c-b34c-4227-9a35-908d-8aaa-a48a-e632/rec_k8_v1t2_e100_bva.report},
	title = {CNN Model with 1D convolution, using k-fold cross-validation},
	dataset = {Simple Call Seq},
	features = {HOG},
	results = {validation: \SI{77.6 \pm 2.0}{\percent}, testing: \SI{74.8 \pm 2.0}{\percent}},
	parameters = {epochs: \SI{30 \pm 12.3}{} ($18$, $20$, $20$, $22$, $29$, $35$, $42$, $52$)},
	num = {113}
}
@model{nn_cnn_1d_scs_r3_p30s10l60_hog_100,
	id = {nn_cnn_1d_scs_r3_p30s10l60%_hog_100/k-fold_16fa-2752-ae28-0022-8e39-3b36-f5af-1170/rec_k8_v1t2_e100_bva.report},
	title = {CNN Model with 1D convolution, using k-fold cross-validation},
	dataset = {Simple Call Seq},
	features = {HOG},
	results = {validation: \SI{77.0 \pm 1.1}{\percent}, testing: \SI{74.3 \pm 1.4}{\percent}},
	parameters = {epochs: \SI{37 \pm 12.9}{} ($21$, $24$, $30$, $33$, $36$, $48$, $51$, $56$)},
	num = {114}
}
@model{nn_cnn_2d_scs_r3_p30s10l60_hog_100,
	id = {nn_cnn_2d_scs_r3_p30s10l60%_hog_100/k-fold_16fa-2752-ae28-0022-8e39-3b36-f5af-1170/rec_k8_v1t2_e100_bva.report},
	title = {CNN Model with 2D convolution, using k-fold cross-validation},
	dataset = {Simple Call Seq},
	features = {HOG},
	results = {validation: \SI{76.6 \pm 1.9}{\percent}, testing: \SI{73.9 \pm 1.6}{\percent}},
	parameters = {epochs: \SI{23 \pm 12.0}{} ($14$, $14$, $14$, $17$, $24$, $24$, $24$, $50$)},
	num = {115}
}
@model{nn_cnn_2d_scs_r3_p30s10l80_hog_100_3d,
	id = {nn_cnn_2d_scs_r3_p30s10l80%_hog_100_3d/k-fold_9e3c-b34c-4227-9a35-908d-8aaa-a48a-e632/rec_k8_v1t2_e100_bva.report},
	title = {CNN Model with 2D convolution, using k-fold cross-validation},
	dataset = {Simple Call Seq},
	features = {HOG 3D},
	results = {validation: \SI{75.4 \pm 1.8}{\percent}, testing: \SI{73.4 \pm 1.3}{\percent}},
	parameters = {epochs: \SI{16 \pm 6.4}{} ($6$, $11$, $13$, $15$, $17$, $21$, $24$, $24$)},
	num = {116}
}
@model{nn_cnn_2d_scs_r3_p30s10l60_hog_100_3d,
	id = {nn_cnn_2d_scs_r3_p30s10l60%_hog_100_3d/k-fold_16fa-2752-ae28-0022-8e39-3b36-f5af-1170/rec_k8_v1t2_e100_bva.report},
	title = {CNN Model with 2D convolution, using k-fold cross-validation},
	dataset = {Simple Call Seq},
	features = {HOG 3D},
	results = {validation: \SI{74.8 \pm 1.4}{\percent}, testing: \SI{72.2 \pm 0.7}{\percent}},
	parameters = {epochs: \SI{18 \pm 4.5}{} ($13$, $13$, $16$, $18$, $18$, $18$, $21$, $27$)},
	num = {117}
}